2378 3930
112 134 186 219 [109.
199 132 263 217 110]
300 154 320 195 a
334 153 492 199 vnuaoma
506 154 611 198 amara
625 156 668 197 nu
682 156 723 199 nu
738 154 883 201 nuenton.
986 136 1028 203 51

110 286 229 351 libellae
251 286 415 359 dimidium,
438 286 518 366 qnod
539 288 630 349 semis
650 290 734 351 assia
778 280 931 353 teruncius
944 308 962 355 a
975 293 1029 354 tri·

112 390 169 451 bus
196 390 304 460 unciis,
333 389 412 468 quod
438 388 556 453 libellac
583 397 616 451 nt
643 390 717 453 haec
745 398 848 471 quarta
870 409 956 470 parc,
985 395 1028 455 sic

112 492 261 573 quadrans
283 494 356 553 assis
379 492 492 555 eadem.

111 709 181 775 109.
231 710 286 773 Ec
317 712 424 773 ecdem
460 710 542 774 libro
576 711 664 773 locus
698 712 736 773 de
772 713 845 793 agri
874 714 1029 775 memoria

310 806 315 814 '
472 814 513 892 (V.
536 811 586 875 34.
609 811 670 895 35).
1045 836 1062 883 5

173 937 251 1010 Ager
267 934 362 993 dictus
376 935 407 993 in
423 952 511 1012 quam
527 940 638 994 terram
654 933 726 1012 quid
741 934 882 1011 agebant,
907 941 935 995 et
949 933 1027 995 unde
1040 950 1066 990 ac

110 1035 178 1114 quid
196 1034 321 1113 agebant
335 1034 450 1096 fructus
466 1053 571 1095 causa:
587 1033 651 1103 alii,
668 1035 748 1115 quod
763 1036 792 1097 id
805 1038 910 1098 Graeci
926 1035 1028 1097 dicunt

109 1134 219 1213 ἀγρόν.
264 1144 295 1197 ut
317 1153 387 1214 ager
410 1154 468 1216 quo
492 1138 538 1215 agi
560 1145 690 1216 poterat,
718 1139 760 1198 sic
784 1131 841 1218 qua
862 1138 909 1217 agi
932 1144 1025 1198 actus.
1107 1140 1111 1145 '

109 1240 171 1300 eius
200 1239 266 1299 linis
294 1239 432 1299 minimus
460 1240 636 1300 constitutus
664 1240 694 1299 in
722 1238 906 1301 latitudmem
934 1238 1027 1317 pedes

108 1348 247 1420 quattuor
262 1376 303 1384 —
318 1341 443 1401 fortasse
465 1358 501 1400 an
525 1338 561 1400 ah
583 1359 618 1401 eo
634 1347 787 1418 quattuor,
810 1340 890 1421 quod
906 1360 940 1402 ea
955 1358 1026 1419 qua·
1046 1354 1078 1403 10

109 1443 219 1522 drupes
248 1444 344 1519 agitur
369 1444 460 1502 -in
488 1441 702 1519 longitudinem
729 1443 822 1520 pedes
844 1450 962 1504 centum
986 1443 1027 1502 vi·
1084 1510 1087 1517 ,
1149 1440 1152 1447 “

109 1546 196 1622 ginti;
221 1543 279 1625 [in]
297 1543 473 1623 quadratum
498 1550 594 1604 actum
618 1551 647 1603 et
669 1543 761 1604 latum
780 1552 810 1604 et
825 1544 947 1622 longum
962 1562 1026 1605 esse

109 1665 138 1726 p.
157 1656 276 1706 centum
291 1647 401 1724 viginti.
446 1643 538 1706 multa
561 1646 673 1723 antiqui
694 1645 878 1706 duodenario
901 1664 1026 1707 numero

107 1749 265 1822 linierunt,
289 1755 321 1807 ut
344 1746 498 1806 duodecim
522 1746 650 1807 decuriis
672 1752 779 1807 actum.
824 1748 960 1826 iugerum
983 1747 1025 1837 (Ιί-Ι
1039 1766 1065 1807 eo

109 1857 188 1911 ctum
203 1850 311 1910 iunctis
327 1847 441 1908 duobus
458 1848 573 1908 actibus
589 1848 748 1925 quadratio
780 1851 914 1909 centuria
929 1849 1026 1926 primo
1045 1856 1078 1904 15

108 1971 123 2012 a
148 1959 267 2012 centum
290 1947 440 2026 iugeribus
463 1949 621 2026 dictaest,
648 1958 715 2028 post
738 1946 884 2026 duplicata
906 1949 1027 2010 retinnit

107 2070 232 2120 morinen,
263 2060 294 2111 nt
316 2050 411 2110 tribus
433 2068 449 2110 a
471 2049 565 2111 tribus
588 2049 797 2129 multiplicatae
824 2049 903 2110 idem
925 2057 1027 2111 tenent

107 2171 227 2214 unomen.

152 2336 222 2400 110.
267 2336 323 2398 Ex
345 2338 481 2398 ciusdem
503 2336 585 2399 libro
608 2338 648 2399 dc
669 2357 705 2399 re
726 2338 849 2400 rustico
870 2335 889 2396 1
911 2336 982 2419 (10).

171 2477 274 2539 lindos
303 2473 411 2554 quibus
433 2475 608 2536 metirentur
631 2492 701 2536 rura
725 2475 798 2537 alins
821 2475 894 2537 alios
917 2476 1025 2536 consti·
1043 2494 1077 2544 20

107 2581 171 2640 tuit.
217 2596 286 2638 nam
308 2579 339 2637 in
360 2577 502 2655 Hispania
524 2576 665 2638 ulteriore
688 2579 851 2638 metiuntur
872 2578 965 2655 iugis,
995 2579 1025 2636 in

176 2837 199 2886 1.
218 2833 375 2883 terruncius
393 2831 418 2880 N
476 2834 512 2883 ,2.
532 2831 603 2895 quod
621 2848 669 2885 unt.
686 2830 748 2881 Mzae

175 2921 200 2968 7.
219 2917 270 2967 clii
288 2916 360 2981 quod
377 2915 441 2980 Spe,
461 2916 574 2980 aliquod
592 2915 624 2980 F,
643 2930 680 2965 an
699 2915 770 2980 quod
788 2915 840 2978 La,
860 2917 904 2981 qui
919 2917 981 2966 dccc
999 2924 1026 2966 et

107 3011 195 3053 cetera
213 3018 291 3067 reaque
309 3002 345 3051 ad
361 2998 451 3063 ἀγρόν
469 3002 540 3050 uncia
558 3002 701 3050 interclusit
769 3001 793 3050 8.
815 3013 881 3063 arpo
898 3002 924 3051 F
972 3018 1025 3067 quo

109 3086 254 3151 Turnebus,
275 3085 347 3151 quod
363 3086 389 3134 F
456 3087 495 3134 ll.
511 3090 539 3134 ct
553 3088 593 3137 13.
613 3089 723 3134 centum
741 3085 845 3148 viginti
856 3086 931 3151 FLa,
950 3085 1023 3137 CXX

105 3175 177 3237 uulgo
254 3174 295 3220 12.
321 3171 350 3219 in
371 3171 465 3220 seclusi
487 3171 543 3220 coll.
568 3170 640 3219 der.
659 3186 682 3218 r.
703 3169 744 3222 lib.
763 3170 793 3230 I,
813 3173 859 3229 10,
883 3170 948 3221 hinc
971 3172 1024 3236 Spe

165 3271 226 3307 essc
244 3253 283 3322 p.]
306 3253 320 3305 ὃ
338 3253 361 3306 dn
378 3256 407 3315 F,
428 3270 489 3305 ease
506 3256 579 3319 uulgo
649 3256 691 3304 14.
709 3254 854 3305 duodecim
872 3255 950 3313 FLa,
968 3256 1023 3305 XII

106 3346 178 3407 uulgo
248 3337 351 3405 actum]
371 3334 449 3390 antlia
466 3340 499 3403 F,
521 3341 598 3391 uoluit
619 3342 697 3405 igitur
720 3340 841 3390 librantur
859 3343 950 3391 actum
967 3355 1024 3390 cor-

106 3430 192 3493 rigere
212 3424 289 3492 (Spe)
366 3427 406 3475 15.
426 3424 513 3490 primo
532 3422 560 3490 a]
580 3425 669 3491 prima
685 3426 711 3475 F
784 3427 824 3475 16.
845 3431 887 3476 ent
902 3426 934 3487 F,
951 3428 1023 3489 uulgo

102 3529 149 3565 cnr.
220 3514 262 3561 17.
282 3528 300 3561 c
319 3511 408 3563 tribua
427 3510 479 3579 La,
500 3510 612 3565 actibus
630 3511 666 3579 F,
680 3514 757 3579 uulgo
777 3527 827 3564 om.
853 3576 900 3637 ὓ
