2378 3930
160 182 182 247 8
484 200 729 243 rnonroouuns
744 202 777 243 nv

162 344 230 398 artis
246 356 311 397 suae
326 341 444 413 primum
458 337 642 394 intermisisse
661 353 714 394 uec
735 336 883 411 quidquam
903 336 978 393 eliud
998 354 1080 412 quam

162 425 227 483 belli
250 424 368 499 gloriam
387 424 568 495 cogitavisse,
595 420 642 478 sed
662 428 810 497 postquam
834 422 956 478 bostium
978 429 1080 479 terram

162 510 298 567 exercitus
314 509 466 577 intraverit,
483 507 568 562 varias
583 522 725 563 mensuras
741 504 774 563 ad
790 504 891 563 bellum
902 506 1019 563 maxime
1032 524 1081 565 ne·

162 594 296 652 cessarias
312 589 456 666 exigendas
472 590 573 662 luisse,
594 607 648 666 quo
672 589 745 649 laeto
761 607 792 648 se
812 592 947 649 rationem
962 608 1017 666 qua
1032 607 1081 649 eae

162 694 307 736 mensurae
328 676 427 733 fierent
448 675 609 750 religiosius
629 675 722 732 colere
744 677 870 749 coepisse
885 676 1035 750 statimque
1049 684 1083 735 ut

162 766 314 838 imperator
327 762 443 819 victoria
458 767 600 834 reportata
615 761 705 834 ipsum
721 777 736 817 e
751 760 830 818 Dacia
845 760 992 831 dimiserit,
1007 761 1082 820 hune

163 847 262 905 librum
278 846 518 904 consummavisse.

226 933 298 988 Haec
313 930 370 986 iere
385 929 486 986 Balbus
502 937 530 985 et
546 937 685 1003 praeterea
706 929 758 987 alia
773 930 884 986 minime
899 928 1082 1004 neglegenda,

163 1033 233 1092 quae
254 1015 327 1088 apud
348 1016 439 1088 ipsum
460 1011 595 1088 legantur.
625 1014 724 1070 Verum
745 1029 797 1088 ego
820 1014 872 1069 iam
893 1030 1026 1088 quaerere
1041 1014 1081 1069 in·

163 1101 293 1169 stituam,
316 1114 459 1172 quamnam
480 1106 565 1154 arteni
588 1097 705 1155 coluerit
718 1098 817 1155 Balbus
838 1099 1006 1173 eandemque
1021 1098 1082 1155 Cel·

163 1184 227 1243 susi
257 1184 364 1240 Etenim
385 1199 440 1239 non
455 1179 555 1238 Balbus
570 1182 660 1239 solum
675 1185 755 1239 istius
771 1185 838 1239 artis
853 1182 945 1239 studio
961 1184 1083 1240 honora·

92 1334 96 1341 ¹
162 1278 209 1326 tus
224 1268 278 1325 luit
292 1267 364 1341 apud
380 1268 588 1340 imperatorem,
611 1266 659 1323 sed
674 1267 795 1324 nobilior
810 1268 891 1324 etiam
907 1266 1019 1336 Celsus,
1041 1270 1084 1323 vir

164 1368 284 1411 summae
300 1353 327 1406 in
344 1368 375 1407 ea
392 1366 421 1407 re
437 1352 626 1421 auctoritatis,
648 1367 732 1424 penes
749 1368 829 1425 quem
846 1352 1000 1409 studiorum
1016 1369 1083 1409 suo·

162 1454 223 1494 rum
244 1451 376 1492 summam
398 1451 507 1493 manere
530 1434 625 1492 scribit
646 1434 763 1504 Balbus,
790 1435 959 1510 eundemque
982 1435 1009 1491 in
1030 1437 1082 1493 bac

124 1542 128 1551 ·
162 1529 241 1597 parte
256 1519 403 1594 plurimum
428 1521 500 1576 inter
515 1518 642 1593 aequales
658 1515 776 1593 posse³).
812 1519 899 1589 Quid?
920 1519 993 1594 quod
1009 1520 1082 1585 idem

163 1604 258 1662 Celsus
280 1606 493 1661 instrumentum
515 1603 653 1678 quoddum
676 1606 811 1661 invenisse
833 1603 949 1677 dicitur,
973 1622 1028 1679 quo
1049 1622 1081 1663 ea

163 1689 252 1765 spatia
267 1705 369 1762 easque
384 1688 542 1745 altitudines
558 1690 649 1745 metiri
664 1688 776 1759 liceret,
798 1705 867 1763 quac
888 1704 938 1744 nec
953 1690 1084 1763 passibus

164 1781 212 1831 aut
226 1762 340 1849 p'erticis
356 1774 427 1846 exigi
443 1789 493 1829 nec
509 1775 618 1829 omnino
634 1773 700 1829 adiri
722 1773 856 1847 possent?
885 1773 933 1829 llic
948 1774 1082 1848 pervenio

164 1857 240 1915 adid
256 1857 330 1932 quod
346 1864 389 1914 est
405 1857 595 1931 gravissimum
611 1859 740 1914 omnium.
771 1858 837 1914 b'am
852 1860 904 1914 etsi
915 1858 1014 1915 Balbus
1029 1876 1082 1915 nec

164 1960 266 2000 nomen
281 1941 356 1999 illius
371 1940 548 1998 instrumenti
563 1941 641 1997 allert
656 1958 706 1999 nec
722 1944 781 1999 eius
793 1942 936 1999 adhibendi
945 1946 1081 1999 rationem

165 2027 295 2086 describit
313 2056 348 2066 -
367 2043 447 2100 quarn
463 2024 651 2082 difficultatem
667 2029 779 2101 insuper
794 2034 875 2099 auget
887 2025 968 2083 dubia
983 2027 1080 2084 verbo·

165 2129 225 2169 rum
242 2104 404 2185 scriptura⁴)
423 2141 459 2151 -
477 2119 566 2166 tamen
583 2110 609 2164 id
625 2111 652 2165 in
669 2128 724 2184 quo
745 2114 887 2166 maximum
910 2120 1079 2168 momentum

165 2204 209 2252 est
223 2196 291 2251 satis
307 2201 429 2267 apparet.
462 2194 552 2268 Atque
573 2196 691 2250 animum
707 2195 734 2250 id
750 2197 890 2251 advertant
910 2197 962 2252 iam
985 2213 1082 2253 omnes

165 2295 282 2351 quorum
298 2278 422 2347 interest,
439 2285 524 2334 artem
541 2276 672 2350 trianguli
685 2296 717 2334 en
729 2296 784 2335 uno
796 2279 882 2335 latere
893 2282 1082 2356 proximisque

164 2361 271 2434 angulis
293 2361 421 2417 metiendi
442 2360 475 2417 ab
490 2363 543 2417 hoc
557 2361 636 2417 Celso
651 2361 777 2418 Romanis
799 2363 925 2419 traditam
941 2382 1002 2421 esse
1016 2383 1080 2422 cen·

164 2445 262 2501 tesimo
279 2444 336 2500 iere
352 2460 422 2500 anno
439 2462 465 2518 p.
482 2444 544 2500 Chr.
559 2462 585 2500 n.
616 2445 701 2514 Quam
717 2447 750 2502 ad
765 2455 851 2504 artem
868 2448 1079 2522 pervulgandam

163 2529 228 2603 quid
251 2528 314 2584 olinr
336 2528 486 2584 contulerit
506 2529 578 2585 Hero
594 2529 791 2586 Alexandrinus
812 2531 883 2588 libro
906 2549 986 2605 quem
1006 2529 1082 2607 περὶ

162 2607 316 2686 bubernet(
332 2612 460 2686 scripsit,
476 2608 539 2669 tum'
550 2614 688 2686 quomodo
705 2632 736 2671 ea
751 2634 795 2672 ars
811 2617 843 2671 ad
859 2617 995 2674 Romanos
1012 2621 1081 2675 satis

162 2696 247 2771 longo
264 2696 406 2756 intervallo
424 2700 580 2769 transierit,
601 2717 657 2755 non
678 2715 767 2755 meum
784 2709 825 2756 est
840 2701 892 2757 boc
907 2700 970 2757 loco
986 2703 1081 2776 enqui-

161 2845 363 2853 ——-.---—

230 2944 257 3007 3)
275 2947 306 2995 Ρ.
326 2946 366 3006 94,
388 2948 411 2996 1.
431 2948 473 3011 91,
493 2950 516 2997 3.
536 2950 560 2998 8.

229 3014 258 3077 4)
276 3013 307 3063 P.
331 3014 377 3075 92,
404 3016 448 3064 13:
479 3022 555 3064 erant
578 3016 658 3064 dandi
681 3018 863 3066 interveniente
885 3023 956 3067 certo
980 3018 1082 3067 itineris

161 3080 248 3143 spatio
267 3080 316 3130 duo
335 3081 437 3145 rigores
454 3084 570 3132 ordinati
576 3121 582 3145 ,
601 3082 690 3147 quidus
708 3085 734 3132 in
752 3087 854 3147 trucium
871 3086 1027 3134 commeandi
1044 3090 1082 3135 in-

160 3161 224 3210 gens
241 3150 362 3197 callorum
380 3150 534 3213 adsurgeret
551 3152 636 3199 molis:
654 3151 701 3200 Itos
718 3154 817 3201 inuento
836 3158 878 3201 tuo
891 3154 980 3216 operis
992 3153 1082 3203 decisa

162 3214 199 3263 ad
215 3215 294 3262 aciem
310 3222 389 3278 purte
405 3217 559 3278 ferramenti
575 3233 635 3267 usus
653 3221 785 3282 empticuit.
821 3219 867 3268 Sic
891 3220 982 3270 locum
1001 3223 1081 3271 resti·

161 3280 216 3330 tuit
233 3280 429 3331 anbmaunus
455 3298 488 3332 ex
511 3283 642 3333 librorum
666 3286 803 3350 scripture
821 3288 906 3337 variis
926 3286 1015 3338 modis
1033 3289 1080 3339 de-

161 3351 288 3413 pravate.
325 3348 415 3411 Atque
445 3352 515 3399 aca'ec
540 3352 635 3414 utique
666 3359 709 3402 est
738 3353 876 3403 oculorum
902 3356 993 3416 acies,
1024 3371 1082 3406 non

164 3416 304 3466 exercitus
335 3416 478 3477 instructi3
513 3418 655 3483 significet
689 3422 773 3485 igitur
808 3423 926 3488 scriptor
955 3423 1082 3489 dioptrae

161 3498 254 3544 nsum,
280 3482 315 3533 ed
339 3497 418 3547 quem
441 3485 561 3549 pertinet
586 3487 669 3537 etiem
686 3489 866 3551 ferramentum
884 3489 988 3539 ibidem
1006 3507 1080 3542 com-

163 3556 344 3601 memoratum
364 3549 449 3615 (conf.
468 3551 590 3603 Rudorff.
609 3554 638 3603 11
655 3571 682 3618 p.
701 3555 772 3618 338).
