2378 3930
114 922 392 1007 ADDENDA
417 923 489 1007 ET
512 924 899 1009 OORRIGENDA.

112 1233 176 1306 Pog.
193 1232 232 1290 23
250 1250 288 1289 vs.
307 1231 345 1288 12
361 1250 411 1306 pro
429 1241 534 1306 quarto
549 1232 609 1307 lege
625 1237 732 1306 quinto.

114 1316 154 1374 29
169 1317 230 1373 adn.
246 1316 263 1372 2
282 1326 350 1373 extr.
375 1317 520 1392 Inscriptio
535 1317 636 1374 Graeco
650 1321 679 1374 iu
693 1335 747 1391 qua
760 1311 903 1391 κάλαμοί
920 1318 961 1375 in·

49 1403 156 1458 venitur
171 1410 213 1458 est
227 1402 378 1458 bouliensis
393 1402 465 1475 apud
480 1402 643 1458 Boeclrlrium
654 1402 707 1458 vol.
722 1403 733 1457 l
748 1420 775 1476 p.
788 1403 865 1460 851:
880 1396 962 1461 boor

49 1483 118 1558 δὲὴ
135 1480 187 1544 ἐπὶ
201 1479 259 1544 τὸν
274 1481 465 1558 Ἀρχαγὲτην
482 1480 543 1545 ἕξει
558 1480 679 1543 πλάτος
692 1480 853 1559 καλάμου(
871 1480 938 1545 δύο.

112 1570 152 1628 32
169 1571 230 1626 adn.
248 1571 276 1627 3.
304 1564 510 1642 Ὁλοτηρικὸν
528 1567 720 1629 τκουτλᾶτον
742 1570 770 1625 in
790 1570 878 1627 edicto
898 1571 959 1626 bio-

48 1656 157 1713 cletiani
173 1656 206 1712 da
221 1663 290 1728 pret.
306 1673 328 1711 r.
344 1672 403 1711 ven.
422 1656 544 1710 restituit
559 1654 618 1709 Gar.
633 1653 736 1710 Kailius
750 1656 778 1710 iu
794 1655 861 1710 llus.
872 1654 960 1712 Rhen.

48 1741 103 1796 xlx
116 1759 144 1814 p.
162 1740 238 1805 612;
255 1748 282 1797 et
297 1740 392 1796 conler
406 1741 482 1796 locos
499 1742 544 1812 qui
560 1737 658 1794 ibidem
673 1738 833 1794 efferuntur.

112 1826 151 1882 39
165 1843 203 1881 νε.
217 1825 234 1880 7
248 1842 308 1880 cum
325 1825 421 1898 scripsi
439 1826 580 1879 levissimo
596 1824 767 1879 discrimine
780 1826 961 1880 recentiorem

48 1910 168 1966 artabam
188 1909 356 1964 imminutam
379 1925 454 1978 esse,
480 1907 629 1980 significari
648 1906 858 1980 atquinium
880 1925 961 1980 par·

48 2004 114 2049 tem
140 1993 239 2067 pedis
261 1993 401 2049 Romani
425 2002 458 2048 et
480 2009 579 2048 unum
602 1992 749 2064 digitum
772 1990 856 2062 (conl.
877 2008 903 2064 p.
919 1991 961 2046 44

47 2097 83 2133 vs.
103 2079 121 2134 9
138 2096 161 2134 a.
177 2076 226 2149 u),
246 2076 272 2131 id
289 2077 362 2150 quod
381 2077 427 2132 hic
447 2077 532 2147 addo,
556 2077 684 2150 quoniam
699 2094 779 2133 secus
801 2076 881 2131 verbs
901 2093 960 2132 mon
1019 2068 1025 2081 '

47 2161 180 2217 intellexit
196 2160 329 2217 Clrristius
343 2179 370 2234 p.
384 2160 446 2217 452
455 2157 482 2235 ¹).

111 2247 151 2303 58
164 2263 203 2305 rs.
217 2246 246 2302 3.
267 2244 345 2301 Licet
359 2263 431 2302 nunc
446 2246 533 2301 multo
547 2243 699 2318 pleniorem
714 2245 856 2301 Pediusimi
872 2245 961 2301 locum

50 2330 205 2387 adscribere
227 2331 373 2403 repetitum
394 2347 409 2386 a
431 2348 473 2387 me
494 2347 526 2386 er
542 2329 601 2385 cod.
617 2329 737 2386 Gudinno
756 2330 800 2385 Gr.
816 2329 835 2386 8
855 2332 883 2384 in
901 2330 960 2400 lol,

48 2414 92 2469 ubi
111 2414 159 2472 sol.
176 2416 206 2471 5³
229 2415 296 2471 baec
318 2414 462 2489 leguntur:
486 2407 550 2486 πρὸ
566 2410 601 2473 δὲ
618 2411 674 2486 τῆς
690 2408 825 2487 θεωρία(
840 2409 890 2471 καὶ
905 2412 961 2486 τῆ(

46 2494 303 2573 καταμετρήτεωτ
321 2492 483 2572 αἰτιάματά
503 2514 573 2557 τινα
590 2494 640 2556 καὶ
659 2494 803 2570 λήμματα
818 2494 959 2570 προλαμ-

48 2578 196 2657 βάνομεν.
227 2578 277 2641 καὶ
292 2577 456 2655 αἰτιάματα
471 2577 528 2656 μέν
544 2576 618 2642 εἰτιν
634 2576 705 2641 οἷον
722 2578 759 2640 τὸ
775 2575 856 2639 εἶναι
871 2576 929 2639 τὸν
938 2576 959 2653 ²)

44 2664 258 2741 γεωμετρικὸν
290 2662 402 2740 μόδιον
431 2660 792 2739 τετεαρακοντὰλιτρον,
823 2659 874 2723 καὶ
900 2660 958 2737 τὴν

48 2747 157 2826 λίτραν
173 2747 257 2825 ἔχειν
273 2746 403 2824 ὀργυιὰ(
419 2747 525 2820 πέντε,
541 2747 598 2822 τὴν
615 2747 650 2808 δὲ
666 2744 799 2823 ὀργυιὰν
816 2743 886 2821 ἤτοι
899 2743 957 2809 τὸν

44 2832 256 2908 γεωμετρικὸν
277 2829 419 2908 κάλαμον
443 2831 595 2906 τπιθαμὰ(
622 2828 732 2893 κοινὰ(
752 2828 866 2907 ἕνδεκα
887 2828 958 2907 ἤτοι

116 3083 141 3147 1)
166 3083 211 3133 Sic
234 3082 292 3132 solo
317 3083 439 3133 auctoris
461 3083 618 3134 nominent
635 3083 680 3133 hic
700 3088 727 3133 et
743 3083 859 3148 posthac
881 3083 958 3133 illum

47 3151 270 3201 commentarium
290 3152 376 3201 citavi
395 3167 447 3215 quo
466 3151 540 3202 Guil.
560 3151 696 3201 christine
714 3150 779 3200 libri
796 3151 877 3202 huius
895 3167 957 3201 cen-

48 3235 138 3269 suram
157 3220 215 3281 egit
232 3219 261 3266 in
277 3218 456 3269 Fleckeiseni
475 3219 620 3268 annalibus
638 3234 664 3268 a.
685 3219 750 3270 1865
767 3236 795 3285 p.
812 3220 864 3270 433
881 3234 916 3268 ss.

112 3288 139 3348 2)
156 3285 192 3336 τὸ
210 3287 296 3336 habet
314 3287 373 3337 cod.
391 3303 431 3351 gr,
450 3287 626 3335 Monacensis
642 3288 707 3349 431,
727 3303 761 3337 ex
779 3302 831 3352 qno
848 3290 955 3352 partem

46 3355 104 3405 aius
121 3355 176 3405 loci
196 3369 275 3420 quem
293 3369 377 3419 supra
395 3354 529 3419 exscripsi
551 3354 638 3403 edidit
654 3354 841 3405 Friedleinius
859 3354 888 3402 in
907 3367 954 3400 an·

44 3423 154 3472 nulibus
175 3423 374 3488 paedagogicis
397 3418 602 3473 Teubneriianis
628 3422 713 3488 (Neue
737 3421 899 3473 iolubbcbcr
921 3418 966 3478 fur

37 3491 128 3540 Pln‘lol.
149 3507 171 3540 n.
191 3490 360 3557 Pu'daqopik„
380 3497 470 3545 :weita
489 3490 664 3561 Abibeiluap)
682 3493 757 3544 teon
771 3488 883 3556 piis&

765 3570 850 3657 tor·
