2378 3930
62 189 154 246 XXVI
368 186 539 244 EDITORIS
557 184 773 243 PRAEFATIO.

63 335 118 400 aed
141 333 240 399 etiam
265 333 298 398 id
321 333 407 418 quod
431 354 471 397 ex
500 332 558 399 illo
581 332 727 398 nascitur
749 337 782 398 et
804 333 966 419 originem
989 335 1076 401 ducit

61 425 209 488 denotat:
247 422 436 507 genetiuum
472 443 589 486 causae
625 425 720 507 potes
758 422 936 506 appellare.
978 425 1077 489 ueluti

62 510 175 577 Cicero
199 532 245 576 or.
268 512 289 591 ξ
312 510 374 576 185
401 511 589 576 necessitates
611 511 741 576 inperata
763 509 909 575 scribens
932 511 1012 577 dicit
1034 513 1076 576 in·

61 604 159 666 uenta
188 621 269 684 quae
297 619 337 663 ex
368 598 562 664 necessitate
594 601 761 684 tamquam
794 620 892 665 causa
925 600 1077 666 efficienti

61 690 253 775 gignuntur3
284 708 344 752 nec
372 687 466 752 aliter
489 684 611 752 Caesar
637 687 669 753 b.
692 709 718 753 a
741 686 758 752 I
782 688 824 752 74
850 689 975 754 aditam
1003 709 1076 755 eom·

61 777 267 843 mendatiom'a
288 775 409 840 baberet
430 777 474 840 ad
494 774 671 861 Caesareae,
698 776 760 842 hoc
784 778 847 859 eat,
870 777 999 842 aditum
1022 800 1077 863 per

62 864 376 932 commendationem
409 865 564 929 effectam.
610 867 644 928 et
675 865 722 930 sio
748 863 910 930 Minucius
943 888 971 932 c.
995 867 1031 950 2,
1057 867 1076 932 3

60 956 199 1020 auiditas
220 953 364 1018 paterii
386 951 483 1037 (quae
507 974 545 1016 ex
568 951 755 1039 desiderio),
782 953 859 1018 ibid.
882 956 1077 1021 &maritatis

60 1063 135 1108 aras
158 1040 229 1128 (qui
248 1063 286 1106 cx
306 1041 436 1106 assidua
454 1040 661 1127 praesentia),
684 1064 710 1109 c.
726 1043 810 1125 14st
829 1043 906 1124 fides
923 1044 1077 1125 confessae

57 1131 224 1214 probitatis
246 1129 342 1214 (quae
365 1151 404 1194 ex
430 1130 578 1195 confessa
605 1127 799 1216 probitate),
825 1153 852 1196 e.
870 1132 925 1216 26,
945 1133 966 1198 8
986 1154 1077 1198 error

58 1219 230 1302 prauitatis
257 1217 327 1302 (qui
355 1239 393 1282 ex
422 1216 613 1304 pronitate),
644 1240 671 1284 e.
690 1219 780 1304 30,1
812 1219 885 1300 fata
911 1222 1076 1287 autnaam

63 1306 160 1392 (quae
188 1307 227 1370 eir
254 1306 443 1371 uulneribus
474 1304 662 1393 profluunt).
704 1310 737 1373 ct
762 1306 838 1373 hinc
866 1310 1074 1395 corrigendus

62 1399 111 1459 est
138 1395 229 1458 locus
258 1415 285 1458 o.
307 1395 360 1477 28,
384 1394 404 1458 6
435 1396 597 1462 daemmcs
623 1397 667 1461 ad
692 1398 894 1463 execrationis
919 1398 1076 1465 torrorem

59 1483 272 1564 imperitorum
285 1503 377 1549 aures
392 1485 541 1550 adaasus
558 1505 615 1551 reos
628 1485 820 1569 referserunt,
833 1485 890 1550 ubi
903 1491 1075 1573 propterea

61 1571 146 1655 quod
177 1571 294 1636 horror
326 1577 474 1656 procreat
503 1574 739 1639 execrationem
766 1579 817 1639 est
842 1577 1074 1648 remouendum

63 1661 195 1726 solitum
223 1661 340 1725 uitium
369 1662 416 1726 ita
444 1661 496 1726 ‘ad
525 1663 762 1727 execrationem
789 1662 950 1728 horroris'
980 1662 1074 1750 (quaa

63 1771 102 1815 ex
124 1749 259 1814 horrore
287 1747 443 1835 profluit).
484 1754 518 1815 et
541 1752 587 1816 sic
610 1751 710 1815 ceteri
735 1751 798 1816 loci
822 1773 841 1815 a
864 1749 977 1818 Sittlio
1001 1775 1072 1819 eon·
1115 1767 1116 1771 ’

62 1839 146 1923 gesti
168 1837 235 1902 fere
259 1859 372 1902 omnes
396 1838 579 1923 explicandi
601 1836 718 1924 (ueluti
741 1837 913 1905 ‘auaritiae
937 1841 1073 1926 cupido',

60 1926 164 1993 ‘dolus
188 1924 346 2013 fraudis').
885 1950 893 1957 ²

128 2038 153 2081 e.
171 2016 258 2099 14,1
278 2016 367 2081 bomo
380 2015 549 2080 Plautinae
561 2017 739 2098 prosapiae,
757 2021 794 2080 at
809 2018 967 2099 pistorum
983 2040 1072 2101 prae·

60 2107 176 2187 ripuar,
200 2106 246 2169 ita
268 2110 443 2186 pertemere
465 2104 726 2187 pbilosophorum.
766 2106 866 2190 uulgo
887 2129 961 2172 curn
980 2107 1071 2172 Plau·

60 2194 164 2258 tinam
187 2194 372 2278 prosapiam
396 2195 578 2277 acciperent
600 2193 729 2258 turbam
753 2193 921 2259 hominum
942 2200 976 2260 et
998 2218 1071 2281 pau·

61 2286 189 2365 pertate
222 2285 255 2345 et
290 2281 496 2365 ignobilitate
534 2282 771 2367 despectorum,
804 2287 860 2348 aut
890 2283 953 2350 hos
986 2286 1071 2370 ipsos

59 2371 191 2434 infimae
223 2368 347 2432 farinae
378 2369 527 2435 homines
560 2370 699 2435 indicari
727 2373 888 2456 putabant
915 2374 1072 2439 recordati

61 2457 171 2522 Plauti
194 2457 228 2521 in
246 2457 384 2540 pistrina
403 2479 535 2541 operam
555 2463 612 2522 aut
631 2456 813 2525 Stiebcrum
836 2463 940 2526 secuti
962 2462 1070 2548 ‘pisto-

61 2546 149 2611 rum'
177 2547 212 2610 in
241 2545 523 2610 ‘christianorum'
552 2551 770 2614 mutauerunt.
816 2548 871 2613 sed
904 2550 1070 2616 Halmium

60 2636 122 2702 hoc
155 2638 373 2700 commentum
395 2635 676 2720 qpalaeographice
705 2636 928 2702 defendentem
958 2639 1071 2704 fefellit

60 2727 153 2806 ratio,
173 2729 210 2789 ut
227 2725 293 2789 ianr
312 2727 438 2788 monuit
451 2723 615 2807 Hauptiur
631 2747 738 2809 opusc
753 2725 803 2790 III
821 2750 852 2811 p.
866 2726 941 2791 397.
970 2749 1070 2812 neque

61 2834 121 2898 ego
146 2813 233 2877 istud
256 2813 448 2877 uocabulum
477 2814 571 2877 aliter
593 2835 746 2898 umquam
773 2817 808 2878 in
832 2813 998 2881 codicibus
1023 2839 1070 2881 ex·

60 2922 186 2985 aratum
214 2920 325 2982 inueni
354 2941 450 3002 quam
478 2918 526 2983 ita
554 2919 778 3003 ‘xpianorum',
809 2921 893 2985 unde
924 2921 964 2986 de
997 2943 1071 2988 con·

60 3011 201 3074 iacturae
219 3008 320 3071 -illius
353 3007 584 3090 probabilitate
617 3010 752 3072 multum
784 3009 976 3074 detrahitur.
1018 3009 1070 3075 sed

60 3101 166 3163 totum
190 3096 334 3178 opinioni
357 3096 405 3159 illi
428 3097 672 3161 fundamentum
696 3097 875 3162 detractum
899 3101 959 3177 est,
982 3103 1071 3184 post·

62 3209 158 3272 quam
192 3184 228 3248 G.
257 3182 408 3249 Goetziua
442 3207 523 3250 mus.
551 3185 653 3250 Rhen.
677 3187 721 3251 34
750 3209 781 3269 p.
804 3187 870 3251 496
894 3209 964 3272 sqq.
993 3188 1069 3253 locis

60 3273 322 3358 Hieronymianis
351 3274 477 3349 iunixus
506 3275 627 3358 docuit,
655 3275 797 3339 familiae
821 3275 991 3340 Plautinae
1017 3277 1070 3341 ho·

59 3365 180 3428 minem
204 3362 266 3426 dici
289 3383 375 3444 eum,
404 3363 458 3445 qui
482 3363 571 3427 cauis
593 3364 629 3426 in
652 3386 774 3428 morem
798 3365 897 3427 latret
920 3368 953 3428 et
977 3365 1069 3429 dente

54 3453 152 3517 rodat
174 3453 364 3539 laceretque.
403 3453 448 3515 sic
469 3456 578 3515 autem
597 3453 710 3516 acerbe
729 3457 826 3516 uocat
849 3452 1068 3518 aduersarium

43 3541 224 3633 Caecilius,
253 3543 378 3638 quippe
408 3542 461 3612 cai
490 3541 656 3608 manserit
683 3541 756 3603 atta
777 3541 891 3599 mente
913 3543 1087 3612 repostum
