2378 3930
94 208 138 273 28
451 209 598 268 MINUCII
614 209 752 266 FELICIS

94 354 318 439 praecipuum,
347 354 564 442 Speusippum
591 357 659 421 uim
688 356 900 438 [naturalem]
927 355 1107 442 animalem,

59 465 158 528 aqua
182 444 292 508 omnia
313 449 483 531 regantur,
506 447 600 510 deum
623 467 730 510 nosse.
766 445 867 529 quid?
894 443 1108 532 Democritus,

95 533 244 617 quamuis
265 539 448 599 atomorum
466 535 590 618 primus
609 535 771 617 inuentor,
793 556 900 599 nonne
919 535 1108 621 plerumque

94 625 247 686 naturam
266 643 349 706 quae
369 623 530 709 imagines
547 622 665 689 fundat
683 627 716 688 et
733 623 995 708 intellegentiam
1014 623 1109 688 deum

94 710 261 794 loquitur?
299 709 433 778 Straton
466 733 593 799 quoque
627 716 660 778 et
695 712 765 797 ipse
797 711 971 777 naturam?
1009 713 1139 778 etiams

94 798 255 882 Epicurus
284 801 354 886 ille,
382 803 437 886 qui
462 801 539 867 deos
563 805 621 866 aut
644 801 768 867 otiosos
790 800 887 885 fingit
911 805 969 865 aut
991 801 1110 887 nullos,

59 893 246 960 enaturam
271 893 382 954 tamen
407 889 607 976 superponit
653 890 844 955 Aristoteles
869 889 977 955 uariat
1000 894 1035 954 et
1058 890 1109 955 ad·

96 978 206 1062 signat
226 983 337 1044 tamen
356 1002 455 1045 unam
473 982 685 1064 potestatem,
706 1001 784 1043 nam
804 978 936 1043 interim
960 983 1111 1063 mentem,

95 1067 250 1132 mundum
282 1069 414 1133 interim
447 1069 540 1133 deum
574 1068 666 1153 dicit,
698 1068 832 1133 interim
863 1066 985 1132 mundo
1016 1069 1110 1133 deum

94 1155 248 1239 praeficit
285 1156 474 1222 Heraclides
497 1156 652 1222 Ponticus
675 1179 802 1242 quoque
832 1156 937 1222 eidem
965 1157 1110 1222 diuinam
1122 1176 1143 1216 1⁰

45 1268 75 1315 10
95 1249 238 1309 mantem
257 1246 407 1331 quamuis
430 1245 521 1311 uarie
545 1245 709 1311 adscribit.
746 1244 993 1330 Theophrastus
1012 1246 1110 1312 etiam

95 1334 211 1416 uariat,
234 1335 315 1398 alias
338 1335 468 1415 mundo,
491 1334 572 1399 alias
591 1335 693 1399 menti
713 1334 840 1400 diuinae
858 1333 1006 1399 tribuens
1026 1336 1109 1420 prin·

94 1421 246 1504 eipatum.
288 1420 398 1488 Zenon
426 1427 459 1487 et
483 1419 684 1508 Chrysippus
713 1429 746 1488 et
769 1421 945 1489 Cleanthes
975 1428 1110 1489 suntet

93 1508 157 1593 ipsi
181 1510 408 1597 multiformes,
431 1511 487 1577 sed
511 1512 552 1577 ad
574 1512 735 1577 unitatem
753 1511 980 1596 prouidentiae
1000 1535 1109 1578 omnes

94 1597 317 1666 reuoluuntur.
350 1599 523 1666 Cleanthas
542 1601 630 1665 enim
648 1605 790 1666 mentem
809 1600 905 1666 modo
925 1605 1025 1686 atque
1045 1603 1109 1667 ani·
1122 1620 1144 1661 a

94 1707 192 1771 mum,
211 1689 307 1755 modo
323 1690 465 1775 aethera,
482 1690 672 1775 plerumque
687 1690 848 1755 rationem
862 1689 956 1754 deum
973 1690 1110 1756 disserit.

94 1774 215 1860 Zenon,
238 1777 380 1843 eiusdem
398 1779 564 1865 magister,
586 1778 770 1844 naturalem
789 1779 894 1864 legem
913 1778 1060 1844 diuinam
1080 1784 1111 1843 01

95 1864 228 1930 aethera
259 1866 391 1932 interim
422 1866 648 1953 interdumque
675 1867 835 1933 rationem
862 1867 935 1931 uult
965 1867 1109 1933 omnium

96 1972 165 2016 esse
197 1954 409 2042 principium3
441 1956 526 2020 idem
558 1955 801 2041 interpretando
833 1955 992 2021 Iunonem
1027 1952 1133 2040 aera,¹

94 2039 206 2106 Iouem
225 2045 359 2129 caelum,
381 2045 571 2129 Neptunum
592 2067 690 2129 mare,
713 2046 822 2130 ignem
842 2067 912 2110 esse
926 2043 1109 2110 Vulcanum
1122 2065 1143 2104 ro

95 2133 127 2193 et
158 2135 283 2198 ceteros
316 2134 467 2198 similiter
498 2134 591 2218 uulgi
624 2134 701 2198 deos
734 2135 893 2199 elementa
921 2156 992 2199 esse
1021 2158 1106 2200 mon·

96 2221 228 2286 strando
252 2223 418 2304 publicum
442 2223 552 2308 arguit
575 2222 719 2307 grauiter
743 2227 775 2287 et
798 2223 937 2287 reuincit
960 2245 1108 2288 errorem.

44 2329 74 2375 11
96 2309 207 2372 eadem
236 2309 302 2373 fere
327 2310 540 2394 Chrysippus:
569 2311 635 2375 uim
660 2311 805 2376 diuinam
833 2312 1026 2376 rationalem
1053 2336 1108 2376 na-

94 2401 202 2459 turam
231 2402 264 2460 01
291 2400 460 2483 mundum,
492 2400 622 2463 interim
652 2405 685 2464 et
716 2400 851 2488 fatalem
883 2402 1108 2466 necessitatem

168 2647 180 2693 1
197 2644 349 2713 zeuxippus
364 2650 391 2711 P,
407 2661 474 2700 corr.
492 2643 621 2698 Gelenius
644 2647 648 2710 1
671 2645 827 2699 naturalem
843 2647 1050 2715 dittopraplrum
1064 2649 1107 2701 de·

95 2713 160 2765 lecit
184 2714 322 2769 Daaisias
344 2718 354 2784 11
377 2722 392 2769 2
420 2732 515 2780 nosse;
543 2733 609 2770 aum
632 2715 788 2785 posuisse?
813 2718 822 2784 11
845 2723 861 2770 3
889 2716 1067 2771 athomorum
1090 2723 1108 2770 P

95 2799 128 2835 ia.
148 2786 221 2850 214
242 2787 425 2854 suppleuerim
443 2804 476 2841 ex
496 2786 549 2842 Cic.
570 2789 596 2841 d.
614 2805 642 2841 a.
662 2789 688 2842 d.
708 2786 721 2838 Ι
740 2793 755 2853 ς
774 2793 821 2841 29:
845 2787 945 2841 fundat
968 2789 997 2841 et
1019 2789 1107 2859 <ima-

95 2852 175 2922 gines
195 2854 271 2922 ipsas
291 2860 319 2910 ct
337 2857 484 2930 nostram>
502 2858 726 2926 intellegentiam
740 2861 780 2926 118
799 2857 847 2911 uni
863 2859 1044 2926 Woplecasias
1062 2860 1109 2913 uni

96 2942 233 2978 summam
254 2927 369 2997 Machlp
383 2931 392 2997 1
408 2934 441 2981 10
456 2935 520 2997 post
537 2930 666 2998 praeficit
685 2931 764 2984 addit
780 2934 812 2982 P:
832 2927 960 2983 aristoles
979 2930 1108 2998 ponticus

95 2997 186 3051 uariat
209 2996 280 3050 alias
303 3000 407 3053 mundo
431 2998 501 3052 alias
525 3000 612 3053 menti
633 3000 745 3054 diuinae
763 2999 889 3054 tribuens
907 3000 1107 3068 principatum,

95 3085 163 3138 qaae
182 3068 284 3122 abiecto
303 3070 351 3123 1110
368 3070 497 3124 aristoles
512 3071 643 3139 ponticus
657 3073 689 3125 ia
704 3073 752 3126 lia.
770 3077 802 3125 12
820 3076 882 3139 post
896 3071 1107 3140 Theophrastus

96 3140 182 3193 etiam
205 3141 424 3206 transpositis.
444 3141 552 3196 Roerea
577 3145 580 3208 1
607 3141 696 3196 eidem
717 3143 916 3212 (0011100010)
936 3145 1050 3212 scripsi.-
1073 3143 1107 3197 de

96 3211 148 3265 deo
166 3216 186 3263 P
204 3210 308 3263 mundo
328 3210 471 3280 Sauppias
493 3215 502 3282 11
527 3219 558 3266 11
579 3213 749 3267 theoirastus
769 3215 799 3266 01
817 3230 903 3267 aenon
921 3219 953 3279 P;
979 3215 1014 3280 cf.
1035 3217 1072 3269 ad
1091 3215 1107 3268 1.

98 3288 143 3348 103
172 3283 256 3336 etiam
284 3297 336 3350 pro
364 3286 392 3336 01
418 3283 554 3338 Votienus
574 3286 583 3352 11
608 3289 639 3338 13
665 3285 809 3353 crysippus
833 3289 864 3351 P,
888 3289 920 3338 ut
942 3290 967 3338 et
985 3292 1082 3353 postea
1099 3286 1108 3355 11

97 3359 130 3407 15
149 3354 270 3408 mentem
286 3353 369 3407 modo
384 3353 508 3408 animum
521 3361 549 3422 P,
568 3357 641 3425 quod
654 3356 801 3409 secuudum
817 3354 871 3409 (iic.
887 3355 913 3409 01.
929 3372 956 3408 a.
972 3357 998 3409 d.
1015 3357 1028 3409 Ι
1042 3362 1058 3422 5
1072 3361 1105 3411 37

96 3427 198 3478 sonaci
216 3426 358 3479 inserendo
377 3426 469 3493 atque,
489 3428 593 3494 qaodP
612 3427 684 3492 falso
701 3427 733 3480 ia
747 3427 795 3480 110.
812 3427 1107 3496 170011101160110-

97 3498 184 3549 seruit
203 3499 233 3563 P,
258 3513 326 3552 corr.
346 3496 484 3551 Desistas
506 3498 516 3563 11
541 3504 572 3551 17
591 3497 749 3551 naturalem
767 3496 859 3563 legem
879 3499 963 3565 atque
983 3497 1107 3553 diuinam

96 3571 122 3635 P,
143 3583 175 3620 ea
194 3569 293 3636 quidus
312 3570 396 3638 atque
415 3569 518 3622 roaoui
535 3568 566 3621 ia
586 3569 633 3621 lia.
656 3573 688 3620 15
707 3569 753 3637 (cf.
774 3568 829 3622 Cic.
850 3569 867 3622 l.
887 3569 904 3622 1.
923 3574 939 3634 1
958 3573 1012 3638 361.
