2378 3930
337 259 340 265 ·
355 250 504 293 nunaunt
526 250 568 292 AD
583 250 654 294 von.
669 250 691 292 1.
905 232 978 297 ’151

67 381 297 445 Κωνεταντιεῑε
318 379 343 445 ε’
358 381 451 459 μόδιοι
471 384 618 461 perpotiti
638 380 696 446 τὸν
717 381 878 460 μέδιμνον.
911 384 980 449 Πά-

68 485 129 545 φοι
143 468 203 543 (sic)
224 466 259 529 δὲ
275 466 325 529 καὶ
340 465 461 531 (ικελοὶ
479 464 507 529 δ’
523 465 654 544 μοδίους
674 463 766 531 αὐτοὶ
781 472 852 548 (lege
868 467 979 547 αὐτὸν)

66 568 222 628 μετρονει.

134 639 192 697 261
214 658 251 696 vs.
270 640 308 696 12
331 659 383 716 pru
405 634 525 700 (ικελοί
548 641 673 699 suadeam
696 635 817 712 (ὁλιοι,
853 644 978 716 quoniam

69 724 150 799 Cypri
171 725 276 782 insulae
300 726 432 800 populum
457 726 515 782 sine
537 726 618 783 dubio
643 725 775 783 intellexit
798 726 981 800 Epiphanius;

54 809 119 865 sed
133 825 194 865 cum
212 803 333 869 (ικελοί
351 818 478 867 tucantur
500 809 605 884 reliqua
626 810 778 884 fragmenta
796 810 981 885 Epiphaniana

71 888 104 965 (ν.
120 892 174 949 ind.
192 886 216 949 s.'
227 892 272 968 n),
287 895 356 951 nihil
373 904 479 953 mutare
496 913 578 952 ausus
594 912 663 953 sum.
678 925 719 935 —
734 894 800 951 ibid.
817 912 855 950 vs.
876 895 914 951 14
929 912 981 970 pro

45 972 233 1051 ’Ἑβραῖδοε
247 976 423 1056 διαληφθέν
440 980 538 1036 Christ.
553 998 581 1054 p.
597 979 660 1037 460
682 980 798 1037 coniecit
818 974 982 1053 Ἑβραῖδοε

39 1111 44 1124 .
67 1057 235 1121 διαλέκτου
253 1060 391 1139 ληφθένε
411 1074 439 1121 at
454 1066 513 1122 vide
528 1065 642 1121 indicem
660 1083 682 1120 s.
697 1059 828 1138 Ἕβραῖε.

135 1147 194 1205 263
211 1166 248 1205 vs.
267 1150 315 1205 12.
342 1152 404 1207 lnrc
426 1149 546 1206 oll'endas
566 1149 639 1223 quod
659 1141 708 1214 νς’
724 1148 833 1205 sextarii
854 1157 914 1204 sato
932 1150 981 1205 tri·

69 1232 206 1302 buuntur3
223 1250 272 1291 nec
285 1235 473 1292 difficultatem
489 1234 560 1291 lcvat
575 1235 664 1290 versio
676 1233 785 1305 Latina,
802 1250 871 1307 quac
886 1232 981 1291 eodem

70 1317 131 1374 loco
146 1316 178 1389 (ll
193 1336 221 1392 p.
241 1318 311 1390 102,
322 1320 351 1392 5)
369 1319 500 1389 batum,
516 1335 571 1375 non
588 1326 687 1388 satum,
703 1317 820 1374 deliniat.
854 1317 887 1374 tt
902 1319 926 1374 si
941 1318 981 1373 in·

68 1401 157 1459 dicem
177 1403 392 1477 Epiphanianum
416 1401 451 1480 (p.
471 1404 544 1474 260,
560 1401 591 1474 4)
614 1403 760 1475 respicias,
788 1410 900 1478 apparet
929 1403 982 1459 boc

69 1486 132 1542 loco
148 1480 308 1547 κόλλαθον
324 1488 407 1562 (quod
422 1506 494 1544 nunc
512 1489 613 1560 legitur
627 1505 656 1561 p.
672 1486 749 1557 264,
767 1486 818 1560 21)
839 1487 980 1562 expulsum

68 1587 131 1626 esse
148 1573 180 1627 iis
204 1571 270 1647 ipsis
287 1573 376 1629 verbis
395 1588 462 1646 quae
483 1571 659 1628 ollcnsionem
681 1586 789 1626 movere
808 1571 871 1627 dini.
908 1569 981 1638 Quae

67 1657 93 1710 si
115 1657 312 1728 mamerciis,
341 1661 432 1732 possis
462 1656 599 1714 coniicerc
621 1647 659 1713 τὸ
686 1649 782 1713 (ἀτον
802 1646 848 1721 κς’
862 1653 979 1715 ξεετῶν

70 1732 206 1814 ὑπάρχει
232 1741 302 1813 (nam
325 1742 405 1799 habet
426 1742 547 1798 modium
567 1739 727 1795 llebraicum
748 1756 848 1811 unum,
870 1741 916 1812 qui
938 1748 981 1796 est

69 1823 136 1880 xxu
151 1827 347 1897 sextariorum,
363 1835 390 1883 ct
405 1827 581 1901 quadrantem
597 1824 694 1880 modii:
716 1824 788 1879 conl.
804 1841 832 1897 p.
845 1822 917 1895 261,
932 1824 979 1879 17.

71 1909 119 1965 18.
136 1907 201 1985 23);
228 1911 274 1967 sed
292 1914 378 1968 tutius
393 1928 454 1968 esse
470 1910 577 1967 videtur
591 1924 710 1965 errorem
727 1907 919 1982 interpolatori
934 1909 983 1963 tri·
1013 1905 1016 1909 ’

70 1992 153 2049 buere
169 1995 290 2068 nihilque
309 2002 423 2052 mutare.

135 2078 196 2136 264
213 2098 252 2136 vs.
269 2080 297 2136 6.
327 2072 444 2154 Καβιθά
458 2077 625 2152 Scaligerum
643 2077 788 2150 scripsisse
803 2093 854 2150 pro
872 2069 982 2150 (αβιθά

71 2164 182 2218 adnotat
197 2166 226 2220 d.
243 2164 403 2221 [lindorlius.
421 2194 458 2206 -
476 2163 592 2221 ibidus.
606 2162 644 2219 19
662 2162 771 2234 corrige
785 2157 903 2220 ξείτῶν
920 2154 982 2218 een

71 2241 140 2304 δύο
157 2246 218 2320 (pro
230 2243 337 2321 πέντε)
353 2249 416 2306 coll.
427 2268 455 2324 p.
468 2248 564 2321 270,1
582 2255 610 2304 et
624 2246 749 2303 versione
764 2245 857 2303 Latina
873 2263 899 2319 p.
909 2245 980 2314 106,

71 2331 99 2386 9.
116 2362 156 2370 -
173 2331 238 2389 ibid.
255 2351 296 2389 vs.
311 2332 351 2390 22
366 2351 417 2409 pro
435 2328 532 2393 (άτου
553 2333 668 2389 iorsitan
689 2330 753 2388 olim
777 2332 908 2405 scriptum
924 2330 982 2386 lue-

70 2416 107 2470 rit
123 2409 221 2488 βάτου
236 2416 270 2490 (ν.
288 2419 342 2474 ind.
361 2438 382 2476 s.
397 2413 514 2491 (ἀτον),
530 2433 694 2493 quamquam
709 2415 847 2488 vulgarem
863 2414 981 2488 scriptu·

70 2516 126 2555 ram
142 2508 234 2558 tuetur
248 2506 337 2560 versio
353 2504 448 2560 Latina
463 2522 490 2578 p.
508 2504 578 2574 106,
596 2500 644 2558 14.

134 2584 194 2644 266
210 2589 275 2646 vs.6
291 2582 466 2662 δίδραχμον
474 2589 617 2663 typotheta
628 2587 728 2643 erravit
739 2577 980 2659 problbpmfuov.

135 2669 195 2727 267
213 2690 251 2728 vs.
269 2673 299 2728 4.
319 2673 395 2729 Addo
409 2672 454 2729 hic
469 2673 555 2730 varias
570 2673 719 2746 scripturas
734 2668 788 2725 loci
803 2667 982 2740 Epiphaniani

71 2752 105 2806 de
123 2753 189 2811 lolle
207 2773 273 2829 quas
294 2756 428 2813 Christins
444 2774 476 2813 ex
494 2760 614 2831 quinque
630 2752 769 2812 codicibus
783 2752 912 2808 Parisinis
928 2752 982 2808 edi·

71 2835 111 2891 dit
126 2837 153 2892 in
170 2841 362 2896 commentario
377 2842 449 2897 atbcr
464 2843 520 2897 den
534 2842 622 2897 Follis
636 2841 697 2894 und
708 2838 809 2893 Deoar
824 2835 982 2910 (6060693-

71 2920 129 2976 ber.
145 2924 172 2978 d.
185 2923 362 2980 Mttncbcner
377 2925 470 2981 dicad.
488 2925 614 2997 18661)
630 2941 656 2997 p.
674 2922 734 2980 145
746 2939 768 2977 s.
797 2921 884 2978 liabet
897 2922 982 2994 igitur

114 3009 133 3063 t.
150 3009 209 3066 cod.
227 3008 308 3084 2665
324 3026 393 3066 saec.
409 3010 466 3064 xv:
495 3004 610 3086 φόλλιε
628 3003 646 3066 6
667 3002 717 3065 καὶ
736 3000 907 3081 βαλάντιον
928 3020 981 3064 κα-

71 3085 171 3153 λεῖται
186 3087 234 3150 ὅτι
249 3090 429 3153 διπλοῡται·
445 3089 504 3154 δύο
519 3088 580 3168 γάρ
595 3087 669 3152 εἰςιν
684 3085 816 3164 ἀργυροὶ
831 3085 850 3149 ὃ
863 3083 982 3161 γίνεται

71 3173 135 3250 (o)
152 3172 290 3250 δενάρια.
322 3174 433 3239 λεπτοὶ
453 3175 512 3238 δύο
534 3173 665 3253 φόλλειε
682 3171 762 3236 κατὰ
780 3169 839 3236 τὸν
857 3173 981 3248 δεναρι-

72 3259 150 3335 (μὸν
167 3258 241 3321 ἀλλ’
256 3257 295 3321 οὐ
310 3259 389 3322 κατὰ
403 3259 461 3324 τὸν
476 3257 678 3338 ἀργυριεμόν.

140 3455 166 3517 6)
190 3455 235 3506 Sic
263 3455 366 3507 resolvi
393 3460 488 3506 notem
515 3470 597 3522 quem
623 3453 766 3506 Christiue
791 3455 928 3502 accurate
952 3465 994 3497 ex

68 3539 164 3588 codice
182 3540 352 3607 descriptum
371 3541 490 3596 exhibet
506 3541 632 3596 similem
654 3540 792 3595 docunius
806 3515 877 3593 Q„
892 3529 1017 3581 sebum-

58 3608 137 3654 tcroe
156 3603 182 3656 Ν
200 3622 234 3657 ee
254 3613 298 3660 cst
316 3611 413 3666 formo.
431 3630 510 3682 quae
527 3613 677 3668 facillime
697 3605 893 3664 contendum
910 3607 983 3644 com
991 3587 1044 3643 ub.
