2378 3930
92 221 134 285 14
439 217 618 274 POMPONII
634 217 760 274 MELAE

89 383 198 467 habet,
216 382 303 449 intus
321 403 424 466 paene
446 381 699 451 innumerabiles
718 380 796 464 vias,
819 380 933 446 multis
956 379 1104 466 ambagi-

89 473 150 536 bus
177 471 241 536 hue
269 475 302 536 et
329 471 406 536 illue
433 471 666 555 remeantibus,
695 469 750 535 sed
773 469 927 536 continuo
956 468 1104 534 anfractu

90 563 124 625 et
146 582 243 644 saepe
270 559 431 625 revocatis
455 558 635 644 porticibus
659 558 831 643 ancipites:
860 558 977 643 quibus
1000 556 1103 622 alium

90 647 1103 822 ittitdiitumitdtitfflffitttitiubddgnffitumassfi'
1131 752 1143 794 ι

747 785 755 816 7

36 847 69 895 ιι
89 824 188 891 cubili
209 828 322 890 tamen
345 847 452 890 errore
470 826 642 909 perplexus
666 829 725 891 est.
770 824 911 890 cultores
934 824 1104 909 regionum

89 914 195 979 multe
227 914 324 980 aliter
355 914 522 980 a-eeteris
555 920 664 999 agunt.
719 918 865 978 mortuos
896 913 975 978 fimo
1007 911 1106 977 obliti

89 1003 264 1088 plangunt:
290 1023 350 1068 nee
373 1024 516 1068 cremare
542 1008 601 1068 aut
621 1002 731 1068 fodere
758 1001 809 1067 fes
832 1004 965 1086 putant,
995 1021 1105 1065 verum

91 1097 142 1157 art
144 1114 161 1157 e
128 1090 356 1157 tmedieatos
374 1092 462 1158 intra
478 1091 660 1175 penetralia
677 1090 858 1156 conlocant
899 1091 965 1155 suis
984 1088 1104 1154 litteris

89 1201 240 1264 peruerse
263 1184 408 1246 utuntur.
457 1181 563 1245 lutum
585 1181 673 1244 inter
695 1201 822 1264 manus,
845 1178 986 1244 farinam
1009 1176 1145 1243 calci-10

90 1269 151 1334 bus
175 1268 339 1354 subigunt
383 1269 490 1334 forum
514 1290 551 1334 ae
573 1269 706 1352 negotia
731 1266 886 1350 feminae,
914 1267 975 1331 viri
1002 1288 1104 1369 pensa

90 1378 128 1423 ae
164 1357 279 1422 domus
314 1362 441 1440 eurant3
477 1378 576 1422 onera
611 1356 687 1422 illae
719 1357 842 1422 umeris
873 1355 908 1420 hi
940 1359 1029 1439 eaplt
1005 1355 1104 1420 tibus

91 1446 267 1530 aeeipiunt3
293 1449 444 1531 parentes
473 1467 546 1510 eum
574 1448 683 1530 egent,
711 1445 779 1510 illis
802 1465 933 1510 neeesse
960 1447 1024 1528 est,
1050 1443 1103 1507 his

90 1534 231 1599 liberum
258 1539 308 1600 est
340 1534 435 1600 alere.
485 1534 576 1599 eibos
608 1535 718 1618 palam
749 1537 782 1598 et
810 1537 903 1599 extre
929 1535 1019 1598 teeta
1045 1553 1104 1597 sua

38 1623 237 1706 aucupium,
278 1623 416 1689 obscena
455 1623 580 1688 intimis
622 1623 750 1687 aedium
786 1622 934 1688 reddunt.
993 1621 1105 1687 colunt
1118 1635 1144 1676 ιι

91 1711 217 1797 effigies
249 1711 428 1777 multorum
459 1711 648 1776 animalium
678 1715 774 1795 atque
800 1711 875 1795 ipsa
901 1711 1006 1795 magis
1039 1709 1105 1774 eni·

90 1801 202 1882 maiia,
230 1799 286 1864 sed
314 1800 380 1864 elia
408 1799 477 1864 alii:
507 1799 587 1865 adeo
615 1805 653 1865 ut
680 1799 837 1884 quaedam
865 1804 976 1864 eorum
1004 1798 1105 1863 etiam

90 1909 149 1972 per
184 1888 425 1972 inprudentiam
460 1889 665 1954 interemisse
703 1889 841 1972 capitale
879 1889 937 1970 sit,
979 1890 1012 1952 et
1047 1886 1106 1951 ubi

90 1977 205 2041 morbo
242 1981 300 2042 aut
334 1976 420 2042 forte
461 1977 604 2043 extincta
640 1977 706 2042 sint
746 1976 882 2062 sepelire
920 1997 956 2041 ae
993 1974 1105 2059 lugere

91 2065 248 2130 sollemne
280 2066 332 2131 sit.
380 2066 464 2150 Apis
494 2067 689 2150 populorum
717 2066 861 2132 omnium
889 2085 1008 2130 numen
1040 2069 1104 2129 est:
1119 2078 1145 2118 ιο

91 2154 150 2218 bos
186 2154 281 2238 niger
312 2155 409 2220 certis
441 2155 577 2220 maculis
608 2155 747 2239 insignis
779 2159 812 2220 et
843 2154 946 2220 cauda
977 2153 1104 2238 lingue-

92 2264 153 2326 que
181 2241 348 2307 dissimilis
377 2243 524 2308 aliorum.
573 2265 649 2314 ιιιο
675 2244 821 2310 nascitur
847 2264 907 2307 nee
933 2241 1021 2307 eoitu
1052 2263 1105 2324 pe-

92 2330 196 2414 cudis,
228 2334 265 2394 ut
293 2330 397 2414 aiunt,
430 2331 484 2396 sed
512 2331 629 2397 divinit
615 2336 667 2397 tus
696 2336 729 2396 et
758 2330 892 2396 eaelesti
864 2332 999 2416 tigne
1032 2350 1105 2396 eon-

92 2424 165 2521 ceput
167 2441 215 2502 us,
237 2418 369 2503 diesque
393 2441 456 2504 quo
478 2421 624 2505 gignitur
646 2420 737 2506 genti
759 2419 898 2485 maxime
916 2419 1021 2485 festus
1045 2423 1104 2484 est.

39 2527 72 2578 ιι
91 2508 156 2593 ipsi
178 2507 394 2573 vetustissimi
421 2512 459 2572 ut
481 2509 669 2605 praedicant
690 2508 857 2573 hominum
883 2511 1047 2575 trecentos
1072 2513 1105 2572 et
1119 2519 1144 2560 2⁵

91 2596 229 2680 triginta
247 2616 341 2681 reges
360 2599 436 2662 ante
454 2585 613 2681 Amasim,
636 2601 669 2662 et
688 2618 786 2681 supra
803 2596 957 2663 tredecim
975 2596 1105 2662 milium

92 2706 250 2750 annorum
273 2688 398 2750 aetates
418 2685 515 2750 certis
534 2648 706 2750 anndlibus
724 2684 876 2768 referunt,
899 2685 1105 2752 mandatum-

92 2795 153 2858 que
172 2773 294 2838 litteris
314 2778 454 2857 servunt,
476 2772 552 2839 dum
571 2773 730 2859 Aegyptii
748 2776 834 2859 sunt,
857 2777 973 2858 quater
991 2795 1103 2840 cursus

92 2883 174 2927 suos·
190 2861 327 2927 vertisse
355 2862 460 2927 sidere
482 2883 520 2927 ae
542 2863 645 2928 solem
668 2861 720 2927 bis
747 2862 814 2928 iam
837 2862 991 2928 occidisse
1018 2864 1103 2928 unde

38 2969 73 3018 ιο
91 2971 176 3015 nune
208 2950 320 3017 oritur.
369 2951 489 3036 viginti
520 2952 611 3018 mileu
642 2951 772 3016 urbium
798 2951 914 3024 Amasi
945 2957 1103 3037 regnante
1117 2957 1143 2998 ⁸⁰

91 3038 186 3103 habit
171 3042 284 3103 tarunt
299 3043 332 3104 et
348 3061 433 3105 nune
447 3039 530 3104 mult
515 3043 566 3105 tas
580 3040 740 3105 habitant.
777 3062 888 3106 earum
902 3040 1103 3105 clarissimae

122 3221 361 3339 1apostq2
284 3212 385 3282 quibus
399 3214 463 3270 add.
477 3214 506 3267 A
524 3212 641 3295 subinde
660 3230 711 3270 om.
728 3213 843 3269 Vossius
913 3220 938 3268 9.
954 3213 1104 3296 eonloeant

418 3290 624 3424 ιιι

90 3398 349 3555 {Suffitas-mods„
402 3433 445 3483 24.
464 3425 592 3496 gignitur
612 3427 655 3483 A¹
673 3443 742 3483 cerr
815 3432 858 3483 ιι.
877 3425 994 3497 aegypti
1011 3357 1102 3483 A·
