2378 3930
487 196 673 237 raturunto.
992 182 1040 235 xv

119 332 203 388 habet
215 335 416 402 auctoritatem,
432 340 474 403 ut,
490 331 533 388 sin
544 332 635 387 minus
647 331 760 405 ubique,
775 340 864 387 tamen
876 330 1039 405 plerumque

119 417 222 472 oodieis
238 415 480 490 sangermanensis
502 433 563 472 esse
582 416 701 489 putanda
724 415 774 486 sit,
796 424 964 489 quapropter
979 432 1037 472 eam

122 500 269 574 diligenter
297 502 483 557 adnotavimus
512 499 584 573 (uo).
629 499 683 556 Neo
719 501 860 556 omisimus
895 499 1039 572 Angelonii

119 585 266 640 editionem
291 583 386 658 (669).
414 615 458 626 -
492 586 535 641 Vs.
557 584 587 639 4.
621 583 799 641 Schenkelins
829 578 1035 658 (Sitaoaqsder.

119 670 148 724 d.
170 670 286 724 Wiener
302 671 394 726 Aliud.
415 669 495 726 1863
517 686 543 742 p.
561 669 600 725 57
618 668 692 740 adn.)
715 686 766 742 pro
787 676 833 723 ter
853 677 923 724 acta
944 670 1039 725 suadet

119 761 165 809 ter
188 762 274 824 opta3
304 755 349 810 sed
374 754 437 827 quid
462 754 561 810 merito
578 753 740 827 reprehendi
757 760 850 826 potest
865 752 892 806 in
908 752 954 808 illa
970 755 1038 810 seri·

116 847 199 912 ptura
223 854 255 893 ex
278 839 300 892 Α
322 837 455 912 repetita?
478 837 561 909 (conl.
583 838 732 893 Christium
754 839 782 892 in
801 836 869 892 llus.
891 835 975 892 Rhen.
993 836 1038 891 llll

117 941 145 996 p.
162 922 222 998 65).
242 952 280 962 ·—
299 924 348 980 10.
367 931 460 979 stater
476 939 513 977 ac
527 923 655 979 distincte
669 921 751 979 habet
764 923 802 987 Α,
826 922 937 994 egregie
952 922 1038 994 igitur

117 1007 275 1063 confirmata
297 1016 340 1063 est
355 1007 509 1064 Seirenkelii
524 1009 680 1064 coniectura
694 1007 765 1063 idem
781 1022 814 1062 ex
827 1013 959 1079 corrupto
975 1013 1037 1060 sto-

118 1103 202 1148 teroe
223 1094 403 1149 restituentis.
438 1091 540 1148 Orellio
561 1093 589 1147 in
614 1100 730 1147 mentem
752 1097 863 1146 venerat
880 1097 975 1146 statae
989 1108 1035 1145 an.

117 1206 159 1215 —
172 1177 221 1232 11.
238 1184 312 1231 reete
329 1177 393 1232 libri
408 1178 450 1232 tu
466 1184 494 1232 et
510 1178 654 1232 Thuaneus
666 1175 766 1231 habent
782 1183 867 1229 terna
883 1173 961 1230 deae
975 1189 1035 1229 ses⁴

119 1263 183 1317 elne
202 1277 274 1331 pars
293 1271 349 1330 est,
371 1263 398 1317 lr.
416 1279 440 1317 e.
458 1263 537 1316 tertia
552 1277 616 1335 pars
632 1261 727 1316 unciae
743 1259 843 1315 dieitur
861 1258 929 1314 duae
945 1268 1036 1314 sextu·

116 1345 169 1403 lae.
200 1345 378 1402 Schenlrelius
393 1345 451 1401 vult
467 1353 552 1400 terno
570 1347 677 1416 duplae
695 1344 804 1398 sesclae
817 1361 877 1415 par
893 1351 946 1414 est,
963 1342 1036 1417 quod

116 1431 215 1486 lalsum
235 1447 296 1486 esse
308 1432 478 1487 demonstrat
494 1430 630 1486 Christius
646 1430 664 1485 l.
681 1447 703 1486 6.

182 1513 253 1570 122.
281 1516 401 1572 Latinam
422 1515 564 1588 Epiphanii
586 1515 739 1570 versionem
764 1513 870 1586 primus
895 1512 980 1568 edidit
999 1512 1035 1567 Le

116 1601 212 1673 lioyne
230 1598 317 1673 (Varia
342 1617 426 1656 sacra.
443 1600 528 1672 Lugd.
544 1600 600 1654 Bat.
619 1597 710 1656 1686.
727 1596 779 1653 vol.
796 1598 807 1652 l
822 1615 849 1670 p.
865 1595 1035 1668 490-95),

117 1702 183 1741 usus
207 1683 316 1754 codiee,
339 1692 370 1740 ut
392 1684 512 1751 videtur,
534 1685 659 1739 Parisino
681 1682 765 1739 8680
787 1681 856 1754 (vide
878 1681 1035 1737 Mommsen.

117 1770 148 1826 ad
166 1770 293 1825 llaecian.
315 1789 342 1843 p.
359 1768 440 1839 286).
475 1767 560 1824 Nobis
582 1770 609 1822 in
633 1768 684 1823 hae
706 1784 773 1823 nova
795 1765 914 1821 editione
934 1764 1034 1821 auxilio

117 1857 190 1909 venit
206 1863 332 1926 prompta
349 1854 452 1924 Wollg.
467 1852 584 1925 llelbigii
601 1855 725 1919 comitas,
743 1853 789 1924 qui
801 1850 959 1906 Vaticanum
975 1850 1035 1904 666.

117 1939 198 1996 3852
222 1935 294 2010 (inde
321 1956 335 1994 a
362 1938 411 1992 lol.
436 1930 515 1991 122h
538 1933 616 2009 extr.)
642 1942 767 1990 accurate
794 1951 855 1990 eum
877 1935 914 1988 Le
934 1933 1035 2006 lloynii

116 2022 185 2078 libro
201 2020 327 2077 contulit.
357 2027 447 2093 Atque
462 2020 526 2075 linio
542 2019 651 2092 quidem
667 2019 770 2088 codici,
792 2035 872 2092 quem
889 2016 913 2072 A
930 2017 1035 2073 notavi-

115 2124 191 2174 mus,
214 2105 313 2160 merito
336 2123 350 2159 a
371 2103 450 2159 nobis
467 2103 596 2159 maiorem
614 2119 694 2176 quam
710 2103 747 2157 Le
762 2102 870 2176 lloynio
885 2103 1035 2157 auotorita-

118 2200 171 2245 tem
184 2189 312 2244 tributam
329 2205 391 2245 esse
407 2187 485 2244 lacile
499 2204 651 2259 cognosces
668 2204 700 2242 ex
716 2189 796 2242 variis
807 2187 951 2258 scripturis
964 2203 1032 2258 quas

117 2274 149 2331 ad
165 2292 192 2347 p.
212 2273 282 2343 101,
301 2273 350 2330 23.
371 2272 442 2343 102,
460 2272 477 2328 2
494 2272 567 2344 (coll.
584 2271 681 2347 Epiplr.
698 2289 726 2345 p.
743 2271 814 2341 263,
832 2271 859 2328 6.
876 2268 922 2341 9),
942 2269 1033 2326 velud

117 2357 236 2432 p.102,
254 2357 302 2414 14.
328 2359 404 2427 103,
423 2359 438 2413 1
462 2358 659 2414 adnotavimus.
675 2356 762 2412 -ln
784 2355 928 2413 scribendo
950 2354 1032 2410 verbo

117 2450 257 2500 exsistere
279 2443 408 2499 librarius
426 2442 528 2498 oodieis
541 2443 563 2496 t
578 2458 592 2496 s
607 2450 671 2515 post
687 2458 709 2495 o
724 2449 770 2496 aut
794 2441 888 2513 posuit
903 2438 940 2512 (p.
961 2438 1032 2507 102,

118 2529 145 2586 7.
165 2529 235 2595 106,
254 2527 303 2599 19)
319 2536 366 2583 aut
383 2529 475 2583 omisit
491 2526 526 2601 (p.
545 2527 620 2596 103,
638 2526 686 2583 21.
706 2525 777 2597 104,
795 2523 835 2596 1),
853 2540 934 2597 quern
953 2541 1032 2579 usurn

116 2629 167 2685 ego
185 2613 287 2685 ubique
309 2621 421 2668 secutus
436 2629 506 2666 sunt.
535 2615 571 2666 At
587 2620 738 2682 quattuor,
762 2611 835 2683 quod
851 2626 879 2681 p.
896 2607 972 2679 102,
993 2609 1032 2664 16

116 2706 255 2752 enotatum
271 2698 361 2752 inveni
377 2713 409 2751 ex
425 2697 463 2764 A,
481 2696 542 2752 dedi
559 2697 640 2751 etiam
655 2714 682 2768 p.
700 2695 770 2763 101,
786 2692 823 2762 4,
839 2692 886 2748 nbi
903 2708 934 2746 ex
951 2693 1033 2748 silen-

117 2782 155 2838 tio
177 2782 247 2836 idom
269 2792 393 2853 quotuor
414 2779 514 2835 habere
534 2779 649 2835 videtur.
664 2809 707 2820 —
721 2779 749 2833 P.
769 2777 947 2847 101,1661
969 2795 1032 2834 sana

115 2865 305 2938 grammaticae
318 2866 387 2920 ratio
400 2874 428 2920 et
439 2873 582 2919 contextus
591 2864 709 2919 Graecus
721 2862 835 2918 suadent
846 2863 1031 2933 manifestum

115 2967 165 3023 pro
181 2951 362 3019 manifestus.
385 2979 420 2989 -
437 2948 467 3003 P.
485 2946 561 3019 102,
578 2949 620 3005 20
634 2950 661 3002 in
674 2964 744 3018 per,
767 2947 839 3020 quod
856 2947 971 3019 seclusi,
989 2962 1033 3001 re-

115 3034 226 3107 stigium
248 3036 377 3107 antiquae
401 3034 553 3104 scripturae
568 3041 706 3088 servatum
724 3048 786 3087 esse
803 3040 914 3105 apparet
931 3029 1032 3087 collato

113 3118 175 3188 lsid.
197 3137 223 3192 p.
247 3119 323 3183 116,
342 3118 380 3173 19
403 3125 430 3172 61
452 3115 584 3190 Epipltau.
606 3134 632 3189 p.
655 3115 733 3186 263,
756 3115 805 3173 20.
826 3114 955 3170 Nimirum
979 3131 1030 3188 pro

114 3197 298 3273 κόπτεεθαι,
321 3202 395 3276 quod
416 3202 487 3275 apud
503 3201 684 3275 Epiplranium
707 3201 824 3273 legitur,
846 3201 874 3254 in
899 3199 950 3256 alia
971 3200 1031 3254 eius

117 3295 248 3343 tractatus
271 3288 356 3343 forma
378 3285 442 3341 olim
458 3286 543 3341 fuisse
561 3285 668 3342 videtur
682 3280 782 3357 κοπή,
807 3285 877 3340 6666
894 3300 965 3356 eope
980 3301 1030 3357 pro

113 3387 168 3442 per
185 3373 237 3428 lroe
252 3373 324 3441 loco,
344 3371 469 3444 idemque
484 3387 535 3444 pro
552 3379 615 3426 eote
629 3389 656 3444 p.
674 3370 746 3441 116,
764 3368 801 3426 19
821 3370 1029 3426 restituendum.

114 3484 156 3497 -
171 3457 200 3513 P.
218 3456 295 3525 105,
314 3455 353 3512 14
369 3454 450 3511 verba
471 3460 522 3526 qua·
542 3461 638 3527 coepit
655 3453 749 3524 ferire
766 3459 939 3527 pecuniam,
963 3469 1030 3525 quo-

114 3540 186 3597 niam
206 3547 256 3613 qua·
270 3541 347 3597 abest
362 3539 394 3596 alr
410 3542 448 3612 A,
463 3557 514 3614 pro
532 3540 699 3613 glossemate
713 3539 829 3612 habeas,
848 3554 927 3610 quam
941 3535 1031 3608 suspi-
