2378 3930
348 192 517 248 EDITORIS
536 190 754 247 PRAEFATIO.
968 189 1060 245 XXIII

45 341 249 406 cohaereant.
287 361 383 424 porro
403 359 487 423 nego
506 339 559 402 hic
577 338 642 402 iam
661 337 769 402 afferri
788 336 903 402 debere
922 335 954 400 id
972 337 1058 422 quod

46 433 133 495 recte
160 427 195 491 in
222 429 242 508 ξ
265 427 286 492 3
313 430 480 511 tamquam
509 449 548 492 ex
575 427 639 507 §2
668 425 816 491 effectum
839 427 1056 491 concluditur:

47 517 107 581 ³sic
126 516 201 580 dum
220 516 445 580 uniuersarum
464 517 612 601 gentium
632 537 724 580 sacra
746 515 934 599 suscipiunt,
958 515 1058 580 etiam

46 625 149 757 ιι
165 602 715 777 salernitana

46 782 123 846 ditis
148 781 242 846 elicui
266 780 408 846 ‘intuere
430 782 495 846 iam
514 778 700 847 Romanos'.
737 780 783 845 sic
807 780 892 844 euim
911 780 951 844 ad
970 802 1058 845 noua

46 871 130 934 solet
147 871 288 934 transire
307 867 480 935 Caecilius:
500 891 526 934 c.
542 871 570 955 7,
585 870 605 935 2
625 874 726 952 specta
743 869 779 934 de
796 869 945 934 memoria
963 869 1058 934 libros

46 963 80 1022 et
102 957 177 1023 ibid.
202 960 222 1039 ἐ
247 959 265 1022 7
290 959 411 1023 cabade
433 958 553 1043 templis
575 979 612 1023 cc
634 957 768 1023 delubris
790 959 923 1022 deornm.

114 1068 139 1112 c.
160 1048 189 1126 7,
210 1048 226 1110 l
251 1067 305 1112 acc
325 1052 428 1112 tumea
446 1051 553 1112 nane
587 1048 690 1112 casim
707 1047 790 1111 caira
807 1047 932 1111 interim
949 1051 979 1111 et
994 1047 1058 1128 epse

45 1136 202 1200 concedere
228 1140 257 1201 et
280 1136 325 1200 sic
347 1136 456 1202 mdccc
478 1045 597 1220 errareb
620 1137 753 1200 maiores
774 1136 873 1200 nostri
896 1157 961 1220 eqs.
1006 1134 1057 1200 his

34 1224 157 1288 uerbis
181 1245 200 1288 a
220 1223 348 1289 nemine
368 1225 472 1289 adhuc
491 1228 548 1289 aut
567 1225 635 1289 sine
655 1223 791 1289 artificio
811 1223 980 1308 explicatis
1001 1227 1058 1288 aut

46 1316 132 1377 recte
156 1312 333 1377 emendatis
357 1313 462 1377 lucem
485 1313 566 1377 mihi
589 1314 700 1378 uideor
724 1312 887 1377 effundere
910 1316 1058 1396 transpo-

46 1401 119 1466 sitis
133 1401 218 1465 inter
233 1422 266 1464 se
281 1399 477 1466 ‘concedere’
492 1406 525 1466 et
539 1399 668 1467 ³errare'
682 1401 861 1468 uocabulis.
890 1399 1057 1466 ‘errorem'

45 1487 164 1572 nempe
188 1486 347 1554 Caecilius
372 1494 470 1555 accat
493 1488 546 1575 (cf.
570 1512 595 1556 c.
619 1489 649 1572 5,
672 1487 707 1576 6)
732 1491 817 1574 quod
841 1512 896 1555 cur
919 1491 1057 1555 maiores

45 1582 116 1641 tam
144 1576 289 1662 religiosi
317 1579 483 1643 extiterint
509 1579 656 1664 inquirit3
684 1579 741 1643 sed
768 1578 853 1643 banc
879 1579 1057 1663 inuestiga-

47 1667 171 1731 tionem
200 1669 372 1750 propterea
399 1690 418 1732 a
446 1689 480 1732 se
508 1667 637 1732 institui
664 1665 819 1750 affirmat,
849 1688 912 1750 quo
940 1667 1057 1730 melius

46 1758 133 1819 recte
155 1754 230 1820 illos
254 1755 359 1840 egisse
383 1756 556 1821 concedere
579 1755 693 1839 possit.

115 1865 140 1908 c.
168 1844 203 1928 8,
225 1844 248 1907 4
277 1844 407 1910 collectis
523 1844 702 1910 mulieribus
733 1843 864 1908 nadalia
889 1861 981 1908 secas
1007 1843 1059 1908 oni

43 1932 197 2012 facilitate
211 1932 380 1998 lubealituc
392 1933 531 2016 plebem.
548 1983 555 1998 .
570 1982 577 1998 .
592 1933 768 1999 instituant.
794 1931 936 2015 pertinet
951 1931 1057 1996 ‘sexus

48 2021 99 2084 sui
119 2018 289 2085 facilitate'
308 2023 431 2106 pariter
450 2022 490 2087 ad
509 2019 670 2088 ‘credulis'
691 2025 723 2086 et
741 2018 961 2084 ³labentibus':
984 2020 1058 2103 ipso

47 2131 107 2174 suo
131 2131 209 2174 sexu
232 2109 382 2175 mulieres
406 2110 501 2177 facile
524 2111 659 2175 credunt
682 2114 716 2174 et
737 2110 784 2173 ita
802 2108 965 2173 labuntur.
1002 2108 1058 2173 aad

48 2219 112 2283 quo
149 2198 219 2263 iure
251 2198 314 2264 duo
346 2199 403 2263 illa
434 2200 592 2265 uocabula
624 2197 810 2283 asyndetice
842 2196 1059 2280 copulantur?

48 2307 146 2370 porro
178 2287 235 2372 qui
267 2286 306 2352 de
338 2288 388 2352 ult
373 2288 454 2354 tima
485 2289 574 2353 faece
606 2289 675 2353 sine
706 2287 799 2370 plebe
826 2287 953 2352 collecti
982 2288 1058 2350 sunt

48 2375 176 2459 plebem
200 2397 277 2440 sane
301 2375 520 2461 conformant,
545 2377 600 2442 sed
624 2381 656 2442 et
678 2375 811 2493 ridicule
834 2373 896 2440 hoc
920 2395 1058 2440 comme·

4 2470 16 2477 ”
48 2467 194 2528 moratur
222 2467 256 2529 et
283 2464 380 2530 dictio
405 2428 576 2551 ³plebein
566 2469 645 2531 1nst1
634 2463 748 2531 it'uere
772 2463 870 2551 (unde
893 2463 1058 2529 Usenerus

47 2551 288 2634 ³constitnunt')
307 2576 409 2637 praua
423 2559 481 2620 est.
512 2576 553 2618 ne
566 2555 684 2620 multa.
703 2553 826 2617 ³labeut
812 2553 900 2617 tibus
918 2550 1057 2635 plebem'

48 2645 160 2704 natum
189 2645 238 2704 est
266 2662 304 2705 ex
333 2641 562 2727 Qlabentibusq
589 2640 720 2726 legem'3
748 2663 824 2704 nam
853 2661 934 2723 quae
961 2640 1059 2704 fuerit

48 2729 102 2792 lex
124 2728 194 2810 illa,
217 2749 354 2812 sequens
377 2735 509 2795 enarrat
532 2733 635 2795 colon.

117 2836 142 2880 c.
161 2815 190 2898 8,
209 2816 230 2880 5
252 2818 299 2880 itu
320 2818 385 2884 illis
401 2839 553 2901 pauorem
573 2819 677 2899 fulloc
697 2837 764 2900 spes
781 2816 898 2882 solacia
914 2817 1059 2882 rediuiua

48 2904 218 2974 blanditur.
264 2905 371 2970 sedem
399 2907 473 2972 uitii
500 2927 641 2991 agnosco
664 2906 699 2969 in
721 2905 829 2970 uerbis
853 2904 988 2970 ³solacia
1009 2927 1058 2971 re-

48 2991 181 3077 diuiua',
200 2993 320 3076 quippe
338 3016 420 3078 quae
438 3016 543 3078 neque
562 3017 582 3058 a
601 2994 814 3080 grammatica
830 2995 957 3059 ratione
972 2997 1059 3058 stent

48 3104 152 3168 neque
175 3103 233 3165 per
255 3103 289 3145 se
313 3083 439 3148 deflecti
413 3083 591 3166 tpossint
611 3083 646 3147 in
670 3082 755 3147 hanc
778 3085 851 3147 sent
852 3087 906 3146 ent
892 3084 973 3147 tiam
997 3080 1058 3147 ³so-

48 3175 166 3238 lacium
191 3170 276 3253 quod
298 3175 373 3274 post
396 3177 533 3237 mortem
557 3173 624 3236 sint
609 3170 784 3236 trediuiui
805 3171 928 3236 futuri'
973 3171 1058 3254 quod

48 3259 182 3357 reposui
201 3257 385 3326 s³olatatn1t
387 3283 406 3325 a
424 3259 580 3327 rediuiua’
599 3259 693 3326 facile
708 3259 949 3344 intellegitur
923 3280 969 3322 src
987 3279 1058 3323 esse

49 3341 282 3451 accipiendum:
311 3347 370 3414 ‘ita
394 3350 496 3414 fallax
524 3371 597 3434 spes
626 3351 799 3432 postquam
826 3350 947 3412 metum
972 3346 1058 3411 miti·

49 3442 141 3523 gauit
127 3436 233 3502 tillia
262 3437 386 3502 blandit
372 3443 427 3503 tur
452 3461 509 3522 per
532 3459 651 3503 nouam
675 3438 795 3520 uitam,
820 3457 920 3519 quam
940 3434 1065 3497 uictori

43 3527 129 3589 sint'.
172 3525 230 3589 sed
253 3526 309 3612 qui
334 3529 399 3595 scis
424 3526 541 3596 ³solari
557 3525 636 3596 reali
660 3548 736 3594 esse
749 3525 896 3604 *leuare
910 3515 1080 3596 mainard
