2378 3930
119 217 163 282 64
464 214 644 271 ΡΟΜΡΟΝΙΙ
661 214 785 270 Munna

119 380 183 465 ipsi
206 380 240 444 in
262 379 398 464 pelagus
423 400 461 443 ex
481 382 570 444 certa
588 399 668 461 rupe
690 377 883 462 praecipites
902 377 989 443 dant.
1029 378 1063 443 id
1088 379 1134 442 eis

67 485 101 536 38
119 469 216 534 fimus
250 467 404 533 eximium
436 470 496 532 est.
545 487 634 532 mare
667 464 822 550 Caspium
853 470 891 530 ut
918 469 1057 552 angusto
1089 467 1136 531 ita

120 558 217 641 longo
250 556 349 622 etiam
380 554 465 620 freto
497 555 640 639 primum
674 558 779 620 terras
813 554 907 638 quasi
938 555 1056 621 fluvius
1089 556 1136 620 in·

119 645 254 729 rumpit,
284 647 381 728 atque
408 644 466 708 ubi
492 649 582 710 recto
610 643 705 708 alveo
731 643 861 708 influxit
888 643 923 707 in
949 647 1017 708 tres
1046 643 1136 708 sinus

122 733 324 798 diffunditur:
353 736 468 798 contra
495 755 531 798 os
559 733 667 816 ipsum
689 732 725 795 in
747 731 962 816 Hyrcanium,
990 732 1031 797 ad
1059 732 1162 797 sini-s

121 826 224 887 stram
245 822 281 886 in
300 819 496 905 Scythicum,
519 821 560 886 ad
579 822 725 886 dextram
744 820 779 884 in
797 842 871 885 eum
890 842 986 904 quem
1004 822 1137 904 proprie

120 911 222 976 totius
245 910 376 975 nomina
394 906 549 992 Caspium
569 909 751 994 adpellant3
776 930 871 974 omne
890 912 985 974 atrox
1003 931 1137 975 saevum

122 1002 190 1064 sine
213 998 378 1082 portibus,
406 998 558 1081 procellis
581 998 722 1081 undique
746 997 943 1083 expositum,
971 1018 1009 1062 ac
1032 997 1137 1062 beluis

122 1089 228 1172 magis
248 1108 345 1171 quam
368 1089 476 1151 cetera
499 1086 656 1151 refertum
675 1089 708 1150 et
725 1086 797 1150 ideo
816 1086 923 1151 minus
941 1085 1137 1171 navigabile.

122 1177 162 1242 ad
179 1175 415 1240 introbuntium
434 1174 581 1239 dextram
597 1173 736 1258 Scythae
755 1173 919 1240 Nomades
938 1175 1015 1240 frati
1034 1174 1138 1239 litori·
1152 1191 1176 1230 1⁰

71 1283 103 1331 39
123 1266 183 1330 bus
212 1264 362 1327 insident.
413 1262 500 1328 intus
529 1266 605 1328 sunt
634 1263 675 1327 ad
702 1259 857 1347 Caspium
890 1264 997 1328 sinum
1025 1259 1139 1347 Caspii

123 1356 156 1417 et
188 1350 370 1417 Amazones
403 1351 459 1415 sed
490 1374 571 1436 quas
604 1350 848 1416 Sauromatidas
881 1353 1061 1436 adpellant,
1098 1350 1139 1416 ad

122 1441 325 1525 Hyrcanium
348 1439 470 1504 Albani
493 1443 527 1504 et
548 1440 676 1505 Moschi
699 1442 732 1505 et
749 1439 901 1524 Hyrcani,
926 1441 961 1505 in
983 1439 1138 1525 Scythico

123 1529 260 1593 Amardi
283 1533 316 1593 et
338 1528 459 1593 Pestici
483 1532 517 1594 et
539 1528 605 1593 iam
630 1528 671 1592 ad
693 1528 815 1594 fretum
833 1528 997 1595 Derbices.
1042 1528 1139 1593 multi

124 1619 158 1682 in
192 1639 229 1682 eo
263 1617 335 1681 sinu
366 1617 477 1702 magni
509 1617 666 1702 parvique
700 1639 810 1682 amnes
842 1617 959 1702 fluunt,
991 1617 1049 1682 sed
1082 1617 1139 1702 qui
1153 1631 1178 1674 16

123 1707 246 1771 famam
273 1704 395 1770 habeat
422 1726 476 1766 *s*
505 1728 543 1770 ex
571 1703 728 1770 Ceraunis
756 1706 921 1772 montibus
950 1727 1016 1771 uno
1048 1705 1140 1771 alveo

71 1812 105 1861 40
125 1793 305 1877 descendit,
340 1793 467 1858 duobus
499 1795 566 1859 exit
582 1795 635 1858 in
666 1791 830 1877 Caspium.
883 1793 1007 1860 Araxes
1040 1794 1141 1858 Tauri

123 1884 226 1947 latere
245 1882 413 1964 demissus,
433 1883 539 1967 quoad
558 1904 691 1966 campos
710 1883 883 1948 Armenias
902 1886 1000 1967 secat,
1017 1883 1141 1948 labitur

124 1971 270 2055 placidus
294 1975 327 2036 et
350 1970 459 2053 silens,
480 1992 584 2055 neque
608 1971 644 2035 in
661 1974 771 2036 utram
793 1975 1003 2056 perteneat,
1027 1993 1141 2055 quam-

125 2082 222 2145 quam
246 2059 412 2143 intuearis,
435 2060 641 2143 manifestus3
664 2081 738 2125 cum
761 2059 796 2124 in
819 2061 986 2144 asperiora
1008 2059 1179 2125 devenitur

124 2149 200 2213 hino
224 2152 321 2232 atque
343 2146 434 2213 illinc
452 2148 587 2232 rupibus
606 2170 747 2234 pressus,
770 2157 803 2214 et
826 2152 947 2233 quanto
971 2149 1143 2234 angustior

125 2241 218 2300 tanto
246 2237 353 2319 magis
383 2238 499 2319 pernix
530 2235 655 2320 frangit
688 2259 721 2302 se
749 2237 884 2308 subinde
917 2237 957 2302 ad
990 2237 1143 2321 opposite

126 2325 278 2406 cautium,
302 2327 399 2407 atque
418 2323 460 2388 ob
483 2323 517 2388 id
536 2325 663 2408 ingenti
681 2347 755 2390 cum
773 2348 938 2390 murmure
957 2346 1142 2409 sonansque

126 2411 316 2495 devolvitur,
339 2411 418 2476 adeo
438 2413 521 2476 citus
544 2416 582 2477 ut
601 2434 665 2496 qua
688 2434 726 2478 ex
748 2415 919 2498 praecipiti
943 2415 978 2478 in
996 2413 1143 2479 subiecta

127 2522 259 2565 casurus
277 2504 411 2565 estnon
431 2500 570 2565 declinet
589 2501 703 2566 statim
717 2503 845 2586 undam,
864 2502 920 2567 sed
938 2503 1026 2567 ultra
1044 2523 1143 2585 quam
1156 2517 1182 2558 ²⁵

127 2588 271 2654 canalem
293 2587 394 2653 babet
417 2588 543 2673 evehat,
565 2590 640 2672 plus
663 2590 784 2676 ingeris
808 2591 913 2675 spatio
937 2590 1085 2656 sublimis
1109 2593 1144 2655 et

127 2677 219 2760 aquis
238 2677 455 2761 pendentibus
475 2680 578 2743 semet
596 2677 666 2761 ipse
685 2680 754 2744 sine
772 2679 864 2744 alveo
883 2679 1003 2764 ferens3
1027 2678 1143 2745 deindo

128 2765 185 2830 ubi
203 2765 356 2830 incurvus
376 2770 571 2851 arcuatoque
587 2789 682 2832 amne
701 2768 866 2833 descendit
878 2769 917 2833 fit
936 2767 1143 2851 tranquillus,

199 2929 222 2977 1.
242 2920 392 2991 praecipiti
406 2923 433 2975 A
451 2921 621 2993 praecipites
638 2939 659 2978 cc
713 2930 739 2978 3.
758 2930 784 2978 4.
803 2922 939 2994 inrumpit
957 2923 1000 2978 A¹
1013 2923 1144 2994 irrumpit

126 2992 167 3048 11²
241 2999 265 3047 6.
286 2998 310 3046 7.
328 2991 530 3062 proprietatius
549 2992 592 3047 A²
608 2993 722 3063 proprie
739 2993 828 3049 totius
841 2994 882 3050 A¹
900 2998 933 3050 io
949 2996 1074 3066 mowino

128 3070 154 3120 l.
168 3062 290 3117 nominis
303 3063 332 3117 A
348 3063 461 3117 nomine
479 3063 623 3119 Vodiacncs
676 3063 822 3133 adpellant
835 3066 877 3119 A¹
891 3066 1038 3137 appellant
1050 3064 1090 3119 A·

129 3140 153 3189 8.
172 3133 285 3205 beluffis
299 3133 327 3187 A
384 3140 424 3188 12.
444 3133 591 3203 adpellant
604 3135 645 3189 A¹
664 3135 811 3206 appellant
829 3136 869 3192 A¹
943 3135 1099 3192 romoald
1117 3137 1145 3189 A

127 3203 237 3259 Moschi
259 3205 405 3259 Burburus
483 3211 524 3260 14.
548 3204 656 3260 amerdi
677 3209 705 3260 A
732 3207 849 3261 Amardi
870 3226 892 3264 a
966 3206 1093 3262 debrices
1117 3208 1145 3262 A

127 3275 295 3330 Derbiceso
351 3282 391 3330 16.
405 3274 584 3329 habeantA¹
601 3276 760 3332 habeatA²
810 3284 875 3348 post
891 3278 997 3333 babeat
1010 3279 1153 3334 nonnulla·

128 3348 161 3401 dc
180 3345 249 3402 Caso
267 3352 317 3401 aul
338 3348 371 3402 de
388 3346 500 3401 Albano
522 3347 597 3402 dicta
614 3349 783 3404 intercidisse
799 3351 937 3417 uiderim,
956 3351 991 3418 cf.
1011 3349 1087 3404 Plio.
1107 3348 1145 3403 N.

129 3417 168 3474 H.
186 3417 237 3485 VI,
255 3422 301 3484 13,
316 3421 351 3473 39
408 3422 447 3474 17.
462 3422 527 3487 post
541 3416 673 3489 Caspium
685 3421 848 3490 intorpescat
901 3427 943 3476 20.
959 3419 989 3473 in
1002 3419 1147 3490 asperiora

121 3487 170 3538 A’
182 3490 306 3556 exeeptis
322 3489 422 3544 litteris
439 3487 565 3559 speriora
636 3495 680 3547 23.
699 3490 784 3558 atque
803 3491 844 3544 A¹
862 3507 931 3547 corr.
