2378 3930
333 244 483 287 amoenos
504 243 547 284 sn
562 242 633 287 vor..
648 242 670 284 1.
896 220 959 285 149

109 379 170 439 185
186 399 224 438 vs.
241 382 268 438 7.
291 375 337 440 Τὸ
357 374 460 455 μίλιον
478 388 529 438 cet.
548 381 621 437 cticit
635 378 733 437 Christ
750 397 777 454 p.
792 379 854 438 452
877 376 958 455 (quae

47 483 99 539 ego
115 466 217 522 intacta
232 466 331 540 reliqui
346 482 376 522 ea
394 467 427 523 de
448 483 528 524 cansa
547 482 627 539 (μιιιιι
645 463 698 522 vol.
714 464 725 520 1
744 483 772 540 p.
789 463 829 522 34
844 466 903 522 init.
923 464 959 521 si·

46 549 189 625 gnificavi).

111 635 171 692 186
193 653 231 691 vs.
254 634 302 693 28.
331 635 372 692 td
393 634 474 692 verba
495 628 541 693 Τὸ
561 628 712 709 ἰούγερον
734 626 799 707 ἔχει
818 639 871 691 cet.
886 632 959 690 cont.

45 719 107 775 Chr.
124 737 151 792 p.
166 718 239 777 453.

111 802 171 861 201
192 822 230 860 vs.
256 805 282 862 7.
305 805 334 862 8.
360 804 447 862 Verba
468 799 503 863 Ἡ
527 796 643 863 ἄκαινα
663 796 727 876 ἔχει
749 832 792 844 -
809 795 915 860 πόδας
934 789 961 859 θ’

47 888 180 944 Christius
195 907 222 963 p.
238 888 299 946 453
316 890 377 946 adn.
392 891 429 945 ita
447 887 579 963 explicat,
600 896 631 944 ut
651 903 776 944 acaenam
799 886 961 944 Graecam

47 989 216 1044 mensuram,
233 960 316 1048 pedes
332 973 579 1031 Philetaereos
597 989 656 1029 esse
671 972 750 1029 dicat.

111 1056 171 1115 202
187 1075 226 1114 vs.
241 1057 260 1114 5
275 1076 327 1132 pro
342 1053 362 1132 ἡ
379 1054 414 1117 δὲ
430 1052 515 1133 βάςις
536 1059 606 1116 ooni.
624 1051 663 1116 τὸ
684 1052 721 1116 δὲ
741 1050 838 1130 βάθος
862 1053 961 1111 Christ.

46 1161 73 1217 p.
89 1139 167 1211 454,
185 1143 311 1217 idemque
328 1162 367 1200 vs.
384 1143 402 1200 7
416 1160 468 1218 pro
485 1136 538 1200 ἐπὶ
552 1137 611 1215 τὴν
625 1136 713 1216 βάςιν
732 1135 784 1199 ἐπὶ
800 1133 839 1198 τὸ
855 1133 962 1214 βάθος.

111 1225 172 1285 203
187 1245 227 1284 vs.
246 1226 285 1284 25
302 1246 339 1284 ss.
362 1227 392 1283 ln
410 1226 569 1302 explicando
589 1234 617 1283 et
636 1226 803 1283 emendando
823 1226 877 1282 hoc
892 1223 963 1280 diifi·

50 1312 150 1369 cillimo
166 1311 335 1386 problemate
349 1312 499 1369 elaboravit
511 1311 612 1368 Christ
629 1328 656 1385 p.
672 1309 734 1368 454
750 1328 786 1367 ss.

110 1396 172 1455 204
191 1416 230 1452 vs.
247 1398 265 1454 6
289 1414 341 1472 pro
364 1391 444 1455 κατὰ
463 1386 490 1454 δ’
510 1391 617 1457 ξέςτας
633 1395 731 1452 Christ.
751 1394 771 1451 i.
791 1412 814 1452 c.
838 1393 962 1450 restituit
1012 1396 1016 1402 '

47 1474 127 1540 κατὰ
142 1474 188 1539 κδ’
204 1476 320 1541 ξέςτας.
339 1510 381 1521 -
400 1480 465 1537 lhid.
482 1480 556 1537 vso
578 1489 643 1555 post
664 1474 790 1552 δέχεται
810 1494 852 1535 me
876 1477 962 1534 invito

48 1566 185 1623 intercidit
199 1560 293 1624 ςίτου.
306 1596 343 1607 -
354 1565 419 1622 ibid.
435 1582 473 1620 vs.
491 1565 529 1622 19
550 1566 578 1620 in
596 1565 769 1620 adnotatione
783 1564 816 1620 ad
831 1554 963 1635 μοδίους

49 1639 75 1725 β’
93 1651 159 1707 adde
179 1643 323 1723 *μοδίους
338 1640 365 1708 δ’
381 1648 450 1706 alins
465 1649 546 1705 liber'
564 1648 592 1720 (i.
608 1666 632 1705 e.
647 1643 705 1704 G¹·²
720 1648 747 1702 in
766 1655 859 1704 nostra
875 1646 962 1703 Hero·

49 1736 91 1791 nis
108 1735 227 1791 editione
242 1753 269 1808 p.
286 1735 358 1805 193,
375 1733 435 1805 14).
467 1733 525 1790 lioc
538 1726 668 1806 μοδίους
682 1724 711 1791 δ’
726 1733 805 1791 citavi
825 1731 851 1787 in
871 1730 964 1805 proie-

49 1821 173 1894 gomenis
193 1838 221 1894 p.
238 1820 278 1877 63
300 1828 378 1887 extr„
404 1835 473 1892 qnae
495 1826 551 1874 tum
574 1818 671 1890 scripsi
692 1833 753 1874 cum
773 1817 806 1872 de
828 1814 963 1873 hocloco

50 1903 155 1960 nullum
174 1904 293 1961 codicem
310 1904 362 1958 nisi
378 1902 488 1959 illumG
504 1902 597 1974 (Paris.
611 1899 704 1972 2433)
719 1901 854 1974 inspicere
868 1906 965 1973 potue·

49 2006 115 2044 ram.
143 1990 242 2045 Postea
260 1996 350 2044 autem
366 2004 398 2043 ex
412 1987 491 2043 libris
507 1985 567 2042 aliis
583 2002 700 2059 quorum
722 1985 850 2041 maiorem
872 1990 966 2040 aucto·

31 2128 34 2132 .
50 2074 159 2129 ritatem
174 2090 235 2129 esse
252 2062 341 2128 inv'eni
355 2073 446 2146 recepi
463 2063 594 2144 μοδίους
609 2060 644 2144 β’;
660 2070 707 2126 sed
723 2085 792 2143 quae
808 2083 870 2124 vera
882 2067 967 2124 huius

50 2156 103 2214 loci
120 2157 256 2230 scriptura
273 2157 325 2228 sit,
344 2158 513 2213 etiamnunc
528 2153 644 2227 ambigo.

117 2241 177 2299 208
193 2259 232 2297 vs.
250 2241 289 2299 10
304 2259 325 2297 s.
343 2235 361 2299 ὁ
384 2236 420 2300 δὲ
434 2234 553 2299 κύαθος
570 2232 635 2312 ἔχει
650 2246 703 2296 cet.
735 2237 806 2293 Haec
826 2235 908 2294 verba
926 2236 966 2293 sic

50 2326 202 2381 emendavit
213 2325 311 2383 Christ.
322 2324 417 2400 peto
431 2325 529 2382 additis
544 2325 578 2381 iis
591 2339 659 2398 quae
672 2321 749 2380 nocis
765 2320 871 2378 incinsa
886 2327 977 2395 sunta,

53 2404 71 2469 ὁ
87 2406 122 2469 δὲ
137 2405 257 2469 κύαθος
271 2404 336 2481 ἔχει
350 2404 485 2483 κοτύλης
504 2405 609 2479 ἕκτον,
625 2402 722 2466 ὁλκὰς
737 2397 769 2464 ι’·
789 2400 809 2479 ἡ
826 2402 862 2466 δὲ
883 2400 965 2480 χήμη

49 2488 134 2570 (ἄγει
147 2489 245 2553 ὁλκὰς
261 2489 320 2553 δύο
335 2488 441 2568 ἥμιςυ,
461 2489 480 2553 ὁ
496 2490 532 2553 δὲ
547 2488 667 2568 ξέςτης)
683 2486 753 2563 ἄγει
767 2485 877 2564 λίτραν
892 2484 965 2563 μίαν

49 2573 148 2653 ἥμιςυ.
166 2610 203 2621 -
219 2580 285 2636 ibid.
299 2597 339 2636 rs.
357 2580 396 2635 14
411 2573 573 2652 Ἑλληνικὴ
596 2570 728 2648 κοτύλης
753 2576 813 2632 vide
832 2593 915 2650 supra
933 2573 966 2631 ad

50 2682 77 2738 p.
95 2665 134 2721 69
151 2682 188 2720 vs.
207 2665 224 2720 7
243 2663 341 2720 abuit.

114 2747 175 2804 216
190 2766 229 2803 vs.
242 2749 280 2804 21
298 2741 534 2818 admonebo
552 2745 614 2819 (pro
625 2740 695 2820 τὴν)
714 2737 748 2801 ἐκ
761 2740 817 2816 τῆς
834 2737 966 2815 Ῥωμαϊ-

51 2828 107 2902 κῆς
123 2825 229 2903 λίτρας
244 2832 394 2888 emendavit
408 2831 507 2888 Christ.
522 2849 548 2905 p.
565 2829 636 2887 459.

119 2915 179 2972 228
196 2933 235 2974 vs.
251 2915 290 2973 26
313 2923 375 2971 ante
392 2909 501 2986 ςτάγια
515 2909 586 2987 τρία
601 2931 616 2970 e
632 2912 771 2988 prioribus
791 2911 967 2986 repetendum

53 3016 113 3056 esse
133 2994 241 3072 λίτραν
264 2993 337 3071 μίαν
360 3000 440 3055 docui
463 2999 541 3055 voti
563 3017 591 3073 p.
614 2998 669 3067 99;
699 2997 831 3055 Christius
856 3014 883 3071 p.
904 2994 964 3052 461

52 3083 147 3141 scribit
169 3101 199 3140 se
220 3083 299 3139 malle
322 3085 388 3139 haec
410 3084 470 3158 ipsa
489 3076 598 3156 λίτραν
619 3076 691 3156 μίαν
715 3077 765 3141 καὶ
789 3085 815 3139 in
838 3088 968 3139 contextu

53 3168 153 3225 Gracco
170 3167 260 3225 addita
275 3184 346 3224 esse.

118 3253 177 3310 231
201 3272 239 3308 vs.
263 3253 281 3309 2
301 3269 351 3326 pro
372 3246 491 3325 κύαμος
512 3251 574 3326 lege
594 3247 713 3310 κύαθος
731 3252 792 3309 coll.
808 3270 836 3327 p.
852 3246 924 3321 245,
939 3246 968 3302 2.

54 3337 126 3406 231,
144 3336 192 3392 24.
211 3337 267 3403 27;
288 3337 358 3394 idem
373 3337 494 3393 restitnit
508 3336 608 3393 Christ.
624 3355 650 3411 p.
665 3334 737 3394 459.

121 3420 181 3479 233
196 3440 235 3479 vs.
252 3421 291 3478 14
305 3440 326 3478 s.
355 3421 440 3479 Verba
460 3414 479 3481 ὁ
500 3417 536 3480 δὲ
556 3416 703 3481 Ἰταλικὸς
717 3430 767 3478 cet.
790 3437 842 3495 qna
862 3419 968 3476 ratione

51 3506 172 3561 sananda
187 3508 257 3577 sint,
276 3506 359 3565 docet
374 3507 566 3567 vetustissima
575 3506 675 3568 tahnha
684 3503 864 3565 med'xe'xnahts
874 3496 1000 3570 pfiffis

42 3585 144 3653 15⁸⁸&
161 3593 262 3649 etenim
278 3595 493 3657 interciderunt
509 3596 656 3658 nonnnhia
671 3579 1022 3671 anastamosmsxmes·
1084 3664 1090 3691 Α

1081 3690 1090 3726 λ
