2378 3930
53 176 134 262 [117]
286 197 361 241 uocr
381 198 401 239 n
422 196 522 241 rusco
544 198 586 241 ur
608 196 723 241 ranno.
929 176 971 243 ’19

53 330 123 393 dulo
145 329 239 401 malo,
268 332 312 391 uti
334 329 509 410 quadrantal
531 331 590 393 vini
611 330 761 409 octoginta
782 332 881 412 pondo
903 332 969 403 sict,

53 434 178 511 congius
205 433 265 493 vini
291 431 395 494 dacem
416 432 516 511 pondo
538 434 608 503 sict,
638 450 691 493 sex
714 434 823 494 sextari
845 434 969 511 congius

52 537 109 597 sict
130 535 204 603 vini,
233 533 283 594 llL
306 535 416 595 sextari
438 532 611 613 quadrantal
633 534 689 595 siat
710 534 780 596 vini.
824 536 969 595 sextarius

52 655 165 716 aequus
187 653 282 715 aequo
306 654 374 696 cum
396 635 517 697 librario
539 636 608 707 siet,
636 636 845 714 sexdecimqua
866 634 970 696 librari

51 740 83 799 in
117 738 216 800 modio
250 737 336 799 sicut.
380 738 406 799 si
434 739 499 817 quis
528 738 717 816 magistratus
745 737 887 799 adversus
913 737 1003 798 hacc

53 838 123 900 dolo
151 837 228 900 malo
256 839 389 917 pondera
418 839 591 918 modiusque
613 857 742 917 vasaque
764 837 882 918 publica
904 857 967 900 mo·

52 942 117 1002 dica
140 943 256 1001 minora
278 942 427 1001 maiorarc
448 941 520 1000 laxit
541 942 661 1003 iussitra
682 941 747 1002 fieri
765 938 902 1002 dolumve
918 940 969 1000 ad·

52 1044 116 1104 duit
143 1062 200 1122 qno
230 1059 263 1102 aa
289 1043 374 1111 liant,
403 1060 470 1103 aum
494 1043 560 1121 quis
581 1042 660 1103 solat
682 1044 871 1121 magistratus
893 1040 968 1102 mul-

52 1154 130 1223 tare,
154 1146 197 1204 uti
220 1145 290 1204 dum
306 1145 420 1204 minore
435 1144 512 1222 parti
527 1143 650 1205 familias
665 1151 759 1213 taxat,
783 1142 885 1204 liceto:
908 1143 969 1205 sive

52 1248 119 1326 quis
140 1247 178 1306 im
202 1263 320 1307 sacrum
343 1244 472 1307 iudicare
494 1243 635 1315 voluerit,
659 1244 771 1306 liceto)
986 1252 1019 1301 10

117 1344 226 1429 [2581]
261 1346 441 1417 Quadrantal
476 1345 621 1407 vocabant
658 1347 768 1426 antiqui
805 1363 892 1425 quam
931 1363 967 1407 cx

53 1450 166 1511 Graeco
195 1449 369 1529 amphoram
399 1448 516 1516 dicunt,
546 1448 625 1527 quod
655 1466 703 1510 vas
726 1448 809 1526 pedis
832 1447 968 1527 quadrati

52 1562 118 1613 octo
142 1562 171 1611 at
192 1551 242 1612 XL
265 1552 343 1629 capit
365 1551 517 1610 sextarios.

118 1651 208 1735 [259]
230 1654 393 1724 Quadrantal
416 1654 547 1711 vocabant
570 1656 674 1728 antiqui
697 1655 868 1727 amphoram,
894 1654 967 1727 quod

51 1761 96 1799 vas
111 1742 188 1816 pedis
204 1742 327 1815 quadrati
345 1748 407 1796 octo
422 1748 450 1795 ct
467 1739 648 1813 quadraginta
663 1740 796 1795 scutarios
812 1739 910 1812 capiat.
985 1741 1017 1791 15

116 1820 206 1904 [275]
223 1825 341 1883 Ratitum
358 1824 535 1898 quadrantem
550 1824 651 1880 dictum
667 1831 779 1897 putant,
802 1823 876 1898 quod
891 1824 917 1879 iu
935 1839 966 1880 eo

51 1921 78 1968 ct
97 1914 196 1969 tricutc
211 1912 278 1968 ratis
294 1910 377 1964 luerit
392 1908 512 1982 effigies,
529 1917 559 1964 ut
574 1908 649 1964 naris
665 1908 693 1962 in
707 1923 777 1963 asse.

117 2006 224 2088 [265³]
247 2006 348 2067 Rodus
372 2005 416 2066 vel
438 2005 548 2067 raudus
571 2004 716 2083 significat
737 2021 801 2064 rem
818 2004 923 2065 rudem
939 2011 967 2063 et

50 2111 255 2189 inperfectam.
280 2142 318 2151 —
350 2106 458 2185 Vulgus
485 2106 604 2185 quidem
633 2107 663 2165 in
692 2123 748 2166 usu
775 2104 878 2166 hahuit
906 2121 966 2164 non

50 2211 140 2272 modo
173 2227 228 2288 pro
263 2226 331 2269 aare
360 2208 540 2287 inperfecto,
575 2216 608 2269 ut
635 2205 779 2277 Lucilius,
814 2225 881 2267 cum
910 2207 965 2266 ait:
985 2211 1018 2261 20

50 2310 176 2392 ‘plumbi
191 2309 351 2389 pauxillum
367 2309 457 2370 rodus
473 2308 602 2389 lignique
618 2314 791 2378 metaxam’;
811 2306 966 2369 sedetiam

50 2416 174 2492 signato,
199 2414 266 2490 quia
289 2415 319 2473 in
344 2411 547 2491 mancipando,
571 2430 638 2472 cum
662 2410 770 2471 dicitur
793 2408 965 2471 ‘rudusculo

120 2637 145 2683 1.
163 2634 252 2699 pondo
264 2631 336 2699 siet]
356 2650 382 2698 p.
401 2632 425 2682 is
443 2634 501 2683 cod.
572 2635 596 2683 2.
617 2633 675 2683 vini
693 2632 745 2682 duo
765 2629 967 2695 quinquaginta.

50 2717 165 2783 curisti)
235 2721 258 2768 3.
279 2718 465 2782 quadarantal
483 2718 539 2766 cod.
592 2718 617 2769 4.
636 2731 684 2766 sex
703 2715 856 2779 dequinqua
874 2714 965 2764 librae

49 2804 118 2864 cod,
138 2819 205 2853 corr.
226 2801 277 2851 Sca
295 2809 321 2851 ct
339 2802 399 2852 Moe
485 2802 509 2851 6.
529 2801 592 2850 dolo
610 2797 693 2865 malo]
715 2800 739 2849 d.
760 2815 794 2848 m.
813 2799 869 2849 cod.
940 2801 964 2849 7.

48 2888 130 2937 iussit
147 2902 211 2937 vere
230 2886 295 2948 cod,
314 2902 384 2936 corr.
404 2886 456 2936 Sca
541 2886 566 2935 8.
586 2900 638 2949 quo
657 2886 722 2933 coni.
741 2883 815 2946 Μαι»,
835 2899 888 2948 qua
906 2887 964 2935 cod.

49 2972 101 3035 (Ii)
170 2970 301 3032 multare,
320 2970 361 3019 uti
382 2971 440 3029 Urs,
461 2968 625 3018 multaretur
642 2970 699 3018 cod.
773 2970 796 3017 9.
815 2969 890 3037 patri
907 2970 965 3020 cod.

50 3059 91 3107 10.
104 3057 151 3120 im,
164 3059 181 3107 i.
195 3070 216 3103 e.
230 3071 292 3119 eum,
305 3054 368 3117 Sca,
387 3055 415 3102 in
428 3054 484 3106 cod.
555 3054 595 3101 11.
615 3052 778 3113 Quadranta
795 3054 852 3105 cod.
923 3053 965 3105 12.

49 3141 145 3191 dicant
163 3140 218 3190 cod.
292 3142 332 3191 14.
351 3137 549 3200 QuadrantaG
619 3139 659 3189 15.
678 3152 728 3186 uas
749 3134 794 3198 6²3
810 3139 895 3201 primo
912 3153 964 3186 ma-

50 3243 96 3276 nus
115 3229 175 3293 quid
189 3242 240 3292 pro
258 3240 278 3274 u
294 3225 441 3288 scripserit,
460 3223 580 3287 cognosci
597 3236 646 3272 non
662 3229 749 3286 potest
836 3222 876 3270 16.
896 3222 964 3284 conf.

48 3313 171 3377 reliquias
189 3312 300 3361 eiusdem
318 3310 367 3359 loci
383 3310 453 3373 opud
470 3308 571 3357 Festum
644 3308 687 3356 17.
706 3306 808 3357 fuerint
828 3306 849 3355 G
923 3308 964 3358 18.

49 3396 118 3459 conf.
137 3396 239 3445 Festum
256 3413 279 3448 u.
298 3395 482 3444 Raudusculum
495 3409 523 3457 p.
542 3394 607 3441 247⁰
628 3399 654 3441 et
670 3392 776 3441 Paulum
792 3408 814 3444 u.
834 3391 965 3441 Roduscu·

49 3483 97 3529 lum
111 3496 138 3544 p.
151 3483 202 3530 275
272 3482 311 3531 19.
329 3476 508 3544 imparfictam
525 3478 583 3529 cod.
653 3478 698 3527 ut.
714 3475 855 3543 paxillum
871 3482 898 3523 ct
910 3488 972 3520 ms-

43 3568 134 3611 texam
153 3566 209 3616 eorl.
280 3566 323 3616 22.
341 3581 393 3632 pro
411 3571 473 3617 unte
492 3564 609 3635 signato
626 3566 703 3632 uulgo
722 3564 789 3615 cdd.
