2386 3960
386 214 587 261 scurrronus
605 215 766 260 nouauos.
991 195 1035 259 29

60 426 65 430 ,
114 374 175 415 rum
192 370 335 412 mensuras
351 353 506 428 promiscue
525 360 608 426 ponat
624 361 651 409 et
666 354 769 410 Atticas
785 353 876 409 statim
893 353 1034 427 adiungat,

115 442 281 499 medimnum
298 447 324 494 et
341 438 507 495 choenicem.
537 434 610 504 Qdae
630 439 681 494 etsi
697 438 756 494 sine
772 438 867 494 ordine
882 438 1034 512 composita

115 534 193 595 sunt,
219 518 309 580 tamari
332 524 443 579 omnino
460 528 570 578 mutuae
587 523 681 579 harum
703 538 893 579 mensurarum
914 524 1034 578 rationes
1068 517 1071 521 ’

116 609 361 668 rectetraduntur.
389 605 587 663 difficilior'est
605 606 682 663 loeus
696 607 729 663 de
745 607 875 664 choenice
891 614 918 663 et
932 610 1032 678 congio

116 695 165 768 (vs.
176 694 216 753 69
230 692 273 765 s.).
302 693 353 750 Sed
364 698 427 765 post
440 690 522 747 verba
535 693 644 764 cotyles
657 721 695 732 -
707 695 815 763 recipit
826 695 955 765 peminns
966 706 1033 745 sen-

118 786 212 837 tcrius
234 795 310 833 unus
332 785 445 850 apparet
466 792 527 832 curn
548 776 709 833 Endlioberu
732 776 876 850 legendum
895 790 955 832 esse
970 780 1034 847 quis

117 863 145 935 (i.
157 881 180 920 e.
196 860 305 936 quibus)
321 870 424 934 quater
440 861 616 932 adsumptr‘s3
631 878 691 916 narn
706 868 838 933 quattuor
853 860 959 933 cotylae
977 861 1033 916 sire

118 950 169 1005 duo
188 949 300 1005 sextarii
320 947 476 1002 choenicem
502 944 632 1002 efficiunt.
664 946 732 1002 ‘lum
747 953 839 1019 poeta,
853 945 932 1000 udde
952 945 1034 1014 daos,

118 1033 221 1107 inquit,
246 1031 373 1086 nimirum
394 1031 537 1087 choenices
561 1029 625 1103 (qua
646 1047 711 1086 voce
734 1028 883 1086 masculina
905 1046 972 1085 usus
993 1036 1035 1083 est

118 1117 226 1191 perinde
249 1133 281 1173 ac
302 1114 397 1171 Graeci
424 1116 482 1170 eius
506 1117 615 1188 generis
642 1114 821 1188 scriptores);
851 1130 912 1169 narn
938 1115 961 1169 si
987 1114 1033 1169 uui

119 1202 238 1273 chpenici
256 1200 325 1257 duae
343 1207 484 1273 praeterea
500 1198 646 1269 adduntur,
663 1197 693 1254 fit
709 1202 824 1272 congius
841 1214 889 1261 ser
903 1196 1034 1255 scitarie-

84 1344 88 1349 ,
120 1303 177 1342 rum
194 1284 278 1356 (conl.
294 1284 380 1358 prael.
392 1283 487 1362 crit.).'

180 1360 302 1426 Minimas
324 1384 481 1438 mensuras,
506 1377 537 1424 ut
560 1368 587 1423 in
615 1368 723 1424 Graecis
748 1367 847 1424 tabulis
870 1367 929 1423 fieri
953 1366 1034 1436 solet,

120 1454 237 1528 pondere
254 1454 346 1527 exigit.
383 1453 484 1526 Cyntho
502 1452 598 1509 tribuit
612 1452 752 1509 drachmas
769 1452 880 1521 elecem,
902 1468 971 1524 quae
992 1468 1035 1506 ra·

121 1540 157 1595 tio
168 1540 296 1594 convenit
312 1554 373 1594 eum
387 1538 570 1592 vetustissima
587 1536 678 1592 tabula
691 1534 842 1593 medicinali
856 1534 1034 1610 (paoem)

121 1623 242 1696 aliisque.
274 1622 355 1677 Addit
371 1621 544 1695 oxybaplrum
561 1621 716 1694 quindecim
738 1622 943 1691 drachmarum,
964 1620 1035 1675 uude

120 1706 235 1764 efficitur
252 1707 278 1762 id
294 1723 309 1761 a
325 1708 461 1780 scriptore
476 1714 572 1779 quarta
588 1706 711 1762 heminae
726 1712 803 1779 parte
820 1704 956 1760 aestimari
971 1721 1035 1760 con·

120 1792 256 1848 venienter
276 1790 309 1846 ad
328 1791 467 1864 vulgarem
489 1808 579 1846 usum.
623 1789 690 1845 'lum
709 1789 804 1846 delinit
823 1788 942 1862 reliquas
962 1805 1036 1844 meu-

122 1893 212 1948 surns,
229 1884 380 1950 mystrum‚
396 1877 518 1944 clemen,
536 1875 652 1943 coclear,
669 1891 785 1947 quarum
803 1890 853 1930 nus
871 1875 940 1929 hanc
959 1871 1036 1927 taliu-

121 1959 171 2017 lam
187 1978 201 2017 a
217 1961 336 2018 sextario
355 1961 412 2017 orsi
428 1976 628 2033 proponamus:

273 2082 405 2135 sextarius
469 2077 485 2132 1
549 2122 554 2127 .

271 2163 379 2221 hemina
467 2160 484 2216 2
553 2161 569 2215 1

272 2246 485 2320 oupliaplrum8
551 2244 571 2300 4
638 2244 653 2298 1
763 2283 769 2294 .

271 2331 385 2404 cyathus
445 2329 483 2385 12
550 2330 568 2387 6
636 2324 677 2405 1)
721 2328 736 2383 1

271 2424 406 2490 mystrum
442 2414 482 2472 48
528 2413 568 2493 24
634 2415 652 2472 6
719 2411 739 2467 4
785 2414 801 2468 1
841 2438 844 2445 ·

273 2501 367 2556 cheme
422 2498 483 2555 144
528 2497 566 2555 72
613 2498 652 2555 18
699 2496 737 2552 12
783 2497 801 2554 3
848 2497 864 2552 1

272 2583 382 2641 coclear
420 2581 567 2641 288144
612 2576 737 2640 3624
783 2582 801 2639 6
847 2581 875 2635 2,

183 2721 379 2794 Comparemus
397 2736 458 2776 curn
476 2719 527 2777 hac
545 2717 635 2774 tabula
650 2717 765 2775 Graecas
788 2717 848 2773 illas
866 2732 936 2789 quae
956 2730 1038 2788 supra

29 2831 34 2843 ·
124 2807 291 2879 perscriptae
309 2814 373 2861 sunt
391 2803 456 2877 (vol.
472 2804 482 2859 l
497 2823 524 2879 p.
544 2803 592 2859 91.
611 2803 659 2860 99.
677 2802 747 2859 127.
765 2801 835 2859 130.
856 2800 942 2872 139);
967 2798 1039 2855 ride·

124 2905 208 2947 musa
224 2890 315 2964 primo
337 2888 469 2945 Galcneae
491 2887 662 2946 collectionis
687 2889 820 2961 scriptore
838 2885 875 2960 (p.
895 2883 945 2955 91)
967 2891 995 2939 et
1011 2885 1037 2938 iu

125 2972 302 3049 Cleopatrana
323 2972 414 3030 tabula
432 2972 469 3050 (p.
488 2972 558 3045 127)
581 2970 750 3046 oxybaphum
773 2971 886 3045 perinde
909 2977 990 3042 atque
1012 2970 1037 3022 in

125 3056 171 3115 lrac
191 3056 286 3115 tabula
305 3067 430 3132 quartam
451 3058 574 3115 heminae
594 3064 698 3130 perlem
722 3056 790 3124 dici,
818 3054 923 3128 reliqua
949 3061 1038 3108 autem

125 3145 212 3200 omnia
234 3144 342 3199 diversa
363 3159 432 3200 esse.
462 3143 563 3199 Contra
585 3149 640 3197 tres
664 3140 786 3216 reliquae
806 3139 914 3195 tabulae
935 3135 972 3210 (p.
990 3136 1038 3193 99.

49 3220 53 3235 '
126 3226 301 3300 130.139)‚
323 3244 392 3300 quae
408 3229 483 3302 ipsae
498 3229 570 3284 iuter
589 3243 618 3282 se
639 3232 811 3299 congruunt,
833 3223 865 3280 ab
882 3223 932 3278 hac
949 3220 1038 3277 tabula

125 3310 281 3387 discrepant
298 3312 325 3365 iu
342 3311 475 3386 orylraphi
490 3311 659 3379 definitione,
676 3309 723 3365 sed
739 3309 916 3366 consentiunt
933 3305 966 3361 de
983 3322 1040 3377 my·

126 3403 196 3461 stro;
221 3414 254 3453 ac
276 3411 339 3450 vero
360 3396 547 3452 consentirent
569 3397 648 3451 etiam
674 3395 707 3449 de
729 3393 864 3463 cocleari,
885 3390 936 3446 nisi
959 3396 1040 3462 poeta

126 3480 235 3538 chemen
252 3482 325 3536 inter
339 3489 471 3554 mystrum
487 3487 515 3537 et
530 3479 636 3536 coclear
651 3479 870 3552 interposuisset.
898 3472 1040 3543 Quodque

126 3563 156 3620 de
176 3582 258 3623 eausa
279 3564 389 3635 iecerit,
412 3566 471 3639 ipse
487 3564 603 3620 dilucide
618 3565 745 3637 exponit:
763 3564 852 3620 voluit
869 3560 939 3615 enim
955 3554 1041 3611 sedai
