2378 3930
299 960 348 1034 Μ.
375 958 585 1036 MINUOII
610 959 813 1035 FELICIS

261 1245 263 1248 J
357 1116 766 1217 curamus

122 1433 292 1517 Cogitanti
315 1432 396 1496 mihi
418 1437 451 1498 et
474 1456 546 1498 cum
570 1435 679 1500 animo
704 1456 775 1500 meo
795 1433 912 1501 Octaui
934 1435 1013 1500 boni
1037 1438 1108 1504 etl

53 1521 234 1585 fidelissimi
269 1521 510 1586 contubernalis
543 1522 734 1587 memoriam
765 1524 947 1588 recensenti
976 1527 1071 1588 tanta

25 1610 190 1674 adulcedo
215 1613 247 1673 et
271 1609 410 1674 adfectio
433 1610 575 1676 hominis
598 1610 750 1694 inhaesit,
773 1614 810 1675 ut
827 1612 897 1696 ipse
918 1612 1069 1695 quodam-

55 1698 151 1764 modo
181 1698 261 1762 mihi
289 1698 417 1765 uiderer
444 1700 479 1763 in
501 1699 678 1784 praeterite
701 1699 814 1782 redire,
837 1721 904 1764 non
927 1721 965 1764 ea
989 1721 1070 1785 quae

54 1788 121 1851 iam
148 1790 315 1852 transacta
343 1791 376 1853 et
403 1787 539 1853 decursa
562 1791 639 1852 sunt
660 1787 884 1854 recordatione
906 1810 1071 1854 reuocare:

54 1877 102 1940 ita
135 1876 202 1940 eius
236 1876 470 1960 contemplatio
502 1881 659 1961 quantum
687 1877 855 1941 subtracta
883 1881 932 1941 eet
959 1877 1106 1962 oculis‚2

55 1968 184 2029 tantum
212 1965 336 2049 pectori
364 1986 436 2029 meo
466 1987 502 2030 ac
529 1986 632 2049 paene
654 1964 780 2030 intimis
804 1965 952 2029 sensibus
974 1965 1070 2051 inpli-

13 2073 41 2111 10
55 2059 129 2118 cata
148 2057 206 2118 est.
238 2075 297 2118 nec
315 2054 468 2118 inmerito
488 2053 655 2118 discedens
673 2053 724 2118 uir
743 2054 878 2119 eximius
892 2056 925 2118 et
938 2058 1069 2120 sanctus
1089 2079 1105 2126 3

55 2143 237 2207 inmensum
266 2141 316 2206 sui
344 2142 540 2207 desiderium
567 2142 662 2207 nobis
689 2141 833 2227 reliquit,
860 2146 973 2227 utpote
997 2163 1070 2207 cum

56 2234 88 2295 et
111 2229 181 2313 ipse
204 2233 298 2295 tanto
316 2231 422 2295 nostri
442 2252 568 2315 semper
587 2253 696 2295 amore
713 2231 912 2316 flagrauerit,
931 2235 968 2295 ut
986 2233 1018 2295 et
1036 2232 1070 2296 in

54 2319 186 2402 ludicris
211 2323 244 2383 et
267 2321 301 2383 ἐκ
325 2319 417 2384 seriis
440 2320 511 2405 pari
535 2341 660 2385 mecum
683 2321 855 2404 uoluptate
877 2320 1070 2404 concineret,

55 2408 168 2471 eadem
190 2408 275 2472 uelle
298 2408 352 2472 uel
375 2409 475 2474 nolle:
499 2408 644 2473 crederes
663 2431 762 2474 unam
781 2412 924 2474 mentem
944 2408 1069 2474 duobus

15 2514 40 2554 15
54 2495 154 2561 fuisse
183 2496 330 2563 diuisam.
372 2498 418 2562 sic
446 2498 536 2563 solus
564 2498 599 2562 in
622 2498 786 2563 amoribus
811 2497 973 2576 conscius,
1000 2497 1106 2581 ipse4

56 2584 162 2649 socius
184 2585 219 2649 in
241 2585 420 2672 erroribus3
443 2592 477 2652 et
499 2608 573 2650 oum
597 2585 742 2650 discussa
764 2586 903 2670 caligine
927 2584 965 2649 de
983 2589 1070 2649 tene·

55 2672 187 2736 brarum
223 2674 383 2757 profundo
420 2674 456 2738 in
492 2675 599 2738 lucem
636 2673 816 2757 sapientiae
852 2676 885 2737 et
921 2672 1069 2737 ueritatis

55 2780 265 2845 emergerem,
288 2783 355 2827 non
378 2762 504 2847 respuit
527 2763 693 2845 comitem,
721 2761 791 2845 sed,
819 2762 906 2846 quod
929 2764 979 2826 est
1001 2761 1069 2846 glo-

129 2957 143 3007 1
162 2949 280 3006 Amobii
298 2951 370 3008 liber
388 2952 441 3007 VII
460 2951 577 3021 explicit
594 2952 695 3023 incipit
714 2952 787 3008 liber
804 2951 870 3008 VIII
888 2952 1010 3008 feliciter
1027 2953 1071 3025 ΡΗ

55 3030 73 3078 4
91 3022 248 3078 recensenti
262 3028 282 3075 P
297 3025 404 3093 partim
422 3025 454 3078 ic
472 3025 561 3080 lituro
573 3026 583 3094 ΙΙ
597 3029 613 3078 ὅ
627 3024 732 3079 inhesit
744 3030 765 3077 P
778 3025 788 3094 l
802 3031 818 3080 9
833 3040 905 3094 pene
917 3030 938 3077 P
951 3025 960 3093 ll
976 3029 1009 3078 10
1024 3024 1070 3078 de·

56 3095 158 3150 cedens
173 3095 326 3160 Deciorum
343 3095 391 3150 ced
409 3095 476 3151 disc.
496 3113 515 3150 a
527 3097 606 3151 rebec
619 3097 629 3163 ΙΙ
643 3101 676 3150 13
694 3095 725 3150 ἱιι
743 3096 854 3152 eddidit
868 3093 1066 3165 Heumcncacl

55 3166 203 3235 uoluptate
212 3167 325 3236 scripsi:
339 3165 487 3222 uoluntate
497 3172 517 3219 P
527 3168 616 3221 nimio
625 3167 778 3236 tautotopic
792 3184 853 3223 cum
866 3167 958 3222 uerbis
972 3164 1070 3220 eedem

56 3235 130 3292 uelle
144 3237 192 3291 uel
205 3236 290 3302 nolle,
308 3253 378 3306 quae
390 3237 553 3306 Woplcecsio
568 3238 667 3307 sparta
680 3242 745 3293 ment
758 3239 824 3293 circ
840 3239 885 3307 (cf.
899 3253 986 3304 supro
1000 3254 1030 3306 p.
1045 3235 1071 3289 V

55 3310 132 3376 coto)
155 3309 165 3375 ll
187 3313 221 3361 14
239 3307 347 3362 duobus
367 3307 530 3364 Fietitciue:
552 3309 583 3363 in
603 3308 711 3364 duobus
730 3314 750 3361 P
768 3308 800 3363 in
818 3309 887 3362 duos
911 3307 1043 3362 Usenercs
1059 3306 1069 3379 ll

58 3383 91 3432 15
110 3378 179 3447 ipsis
201 3377 327 3447 Orellicc,
346 3380 393 3435 ced
411 3381 446 3444 cf.
466 3381 546 3447 iufra
564 3381 603 3435 od
621 3396 642 3434 c.
662 3385 705 3450 34,
724 3385 742 3435 4
764 3382 776 3451 ll
798 3385 830 3434 18
850 3379 945 3434 multra
961 3378 1078 3439 renuite

56 3450 89 3514 εί
109 3465 197 3517 cupra
210 3466 240 3517 p.
260 3449 314 3504 XV
328 3451 335 3520 l
347 3451 458 3522 glorius
477 3453 512 3522 1²‚'
527 3468 599 3509 corr.
616 3469 654 3509 m.
674 3456 704 3510 2.

95 3545 222 3586 inunctus
236 3549 331 3605 Fanni,
347 3553 385 3594 ed.
399 3553 564 3599 Baehrens.
871 3541 894 3588 x
