2378 3930
342 242 493 285 nnonnne
513 243 556 284 nn
571 243 642 285 von.
659 245 681 286 1.
836 210 845 237 ¹
907 220 969 289 153

118 378 180 438 340
195 397 232 436 vs.
247 379 349 454 4post
358 374 525 455 νομίεματι
540 380 600 436 edd.
617 378 732 458 ειδηρῷ
749 379 849 436 Christ.
841 398 889 455 ..p
905 380 969 439 too
1087 400 1090 415 ·

52 463 116 520 coll.
134 464 247 541 Hesyoh
264 483 286 519 v
306 458 571 536 ειδάρεοιθεοί.Ι

117 548 177 605 346
199 567 238 605 vs.
257 548 275 605 3
297 543 450 622 έποίηταν
471 543 654 623 φλαυρόν
680 548 741 624 (pro
763 543 920 625 φανερόν)
939 565 969 607 τι

53 616 224 706 λαμβάνειν
243 633 314 690 coni.
330 634 429 690 Christ.
445 652 471 708 p.
488 633 560 692 460.

118 717 180 775 350
196 735 235 773 vs
251 718 269 775 3
292 736 343 793 pro
363 713 401 777 τὸ
425 713 518 778 ἕκτον
539 715 597 778 τοῦ
620 712 771 792 μεδίμνου
791 718 890 775 Christ.
906 717 925 773 l.
942 737 967 777 ο.

56 812 104 858 aut
119 800 177 860 τοῦ
197 796 291 860 έκτου
306 797 458 877 μεδίμνου
474 798 541 875 (soil.
556 796 658 876 ἥμιευ)
681 812 728 871 aut
747 799 784 863 τὸ
805 798 899 865 έκτον
916 797 969 877 μέ-

59 901 115 959 ροε
130 884 188 944 τοῦ
203 880 408 960 ἡμιμεδίμνου
424 887 507 945 scribi
519 888 605 958 iubet,
621 904 653 943 ex
670 888 768 962 quibus
784 906 836 964 ego
852 887 968 946 alterum

54 972 92 1027 ita
114 971 231 1044 adopto,
250 980 282 1027 ut
299 970 358 1030 τοῦ
381 967 473 1031 ἕκτου
494 967 612 1046 μέρουε
631 970 690 1031 τοῦ
711 966 879 1046 μεδίμνου,
903 975 969 1030 item

56 1072 122 1112 voce
137 1048 225 1128 ἥμιευ
245 1056 355 1113 silentio
373 1057 479 1128 addito,
497 1057 634 1114 suadeam.
666 1057 766 1115 llodem
782 1058 846 1115 vitio
862 1058 970 1115 loborat

57 1139 149 1214 glossa
166 1141 237 1215 opud
252 1141 378 1198 Photinm
393 1160 420 1215 p.
437 1141 509 1211 329,
527 1143 554 1198 1.

120 1412 154 1467 lle
177 1427 278 1467 arura
296 1411 341 1468 hio
358 1411 426 1468 addo
443 1412 532 1469 locum
548 1429 627 1485 quem
643 1412 787 1469 Sohowius
805 1413 838 1469 nd
853 1413 968 1488 llesyeh.

57 1514 84 1570 p.
103 1495 163 1553 648
181 1512 212 1551 οι
226 1495 273 1551 lis.
290 1495 394 1552 Marino
411 1491 492 1568 Περὶ
511 1491 636 1569 μέτρων
651 1491 702 1555 καὶ
716 1495 873 1570 εταθμῶν,
897 1498 970 1571 quod

53 1581 151 1637 Romae
173 1579 375 1655 compilaverit,
398 1580 532 1636 invenisse
552 1597 581 1636 se
602 1581 711 1637 scribit:
745 1576 885 1654 Ἄρουρα
906 1577 970 1640 ἔετι

54 1660 171 1738 μέτρον
192 1663 304 1737 γῆε-
324 1658 386 1722 ten
409 1659 563 1723 δὲταῦτα
584 1659 622 1722 τὸ
648 1661 765 1737 μέτρον
783 1660 968 1736 Αἰγύπτιον·

53 1744 123 1808 έν
108 1745 233 1826 αρούρᾳ
247 1744 308 1821 γὰρ
319 1747 486 1822 μετροῦτιν
498 1742 701 1818 οἱΑἰγύπτιοι
716 1747 820 1809 πᾶταν
834 1744 892 1822 τὴν
906 1749 968 1822 γῆν

55 1829 177 1894 αὐτῶν
201 1828 266 1908 έχει
281 1829 316 1891 δε
330 1828 350 1906 ἡ
365 1826 489 1932 ἄρουρα
505 1833 551 1912 τῷ
568 1828 673 1910 μέτρῳ
688 1832 747 1892 τοῦ
762 1829 906 1906 καλάμου
921 1834 968 1912 τῷ

56 1913 165 1990 ἔχοντι
180 1915 290 1991 πήχει(
306 1908 334 1984 ς’
349 1913 399 1976 καὶ
413 1891 573 1990 δίμοιρον
591 1912 609 1976 ὃ
625 1915 765 1977 καλεῖται
780 1913 869 1991 παρὰ
887 1933 968 1989 γεω-

57 1998 183 2076 μέτραιε
203 1996 333 2072 ἄκαινα,
353 2018 372 2060 κ
372 1994 447 2060 ’ἐπὶ
464 2017 498 2060 κε
498 1995 644 2075 ’πλέθρα
657 2033 700 2044 -
713 1998 751 2061 τὸ
774 1998 809 2060 δὲ
827 1997 970 2075 πλέθρον

53 2104 70 2145 κ
97 2081 190 2145 ἐπὶκ’
207 2080 338 2145 ἀκαίναε
353 2082 418 2160 ἔχει
438 2086 484 2164 τῷ
499 2082 606 2163 μέτρῳ
623 2086 682 2145 τοῦ
704 2081 863 2159 καλάμου,
886 2079 968 2159 ὅπερ

54 2167 141 2243 παρὰ
168 2165 390 2229 Παλαιετίνοιε
419 2166 469 2228 καὶ
496 2166 634 2244 Ἄραψιν
663 2169 793 2230 εαταῑον
822 2167 969 2229 καλεῖται.

55 2256 112 2311 Hoc
127 2254 188 2311 loco
205 2255 325 2312 dubitari
343 2273 397 2311 non
412 2263 505 2328 potest
522 2258 587 2329 quin
606 2255 735 2312 nonnulle
751 2264 883 2330 corrupta
898 2255 969 2321 sint;

55 2357 133 2410 ιιυιιι,
148 2348 179 2396 ut
193 2348 284 2396 cetera
299 2347 417 2409 taceam,
439 2340 530 2396 nullus
548 2349 601 2397 tem
620 2341 744 2398 immanis
760 2357 857 2398 arurae
871 2340 968 2396 modus

54 2424 169 2497 cogitari
192 2432 299 2498 potest,
323 2431 354 2480 ut
375 2440 406 2480 ea
429 2424 470 2482 20
494 2425 602 2498 plethro
625 2425 826 2500 (longitudinis)
846 2442 908 2483 oum
928 2423 968 2481 25

57 2509 244 2582 multiplicato,
263 2510 288 2564 h.
306 2526 329 2565 e.
348 2508 410 2567 500
426 2506 534 2583 plethra
552 2509 681 2582 quadrata
697 2510 811 2580 hebent,
835 2510 968 2583 siquidem

57 2594 141 2649 eidem
158 2593 190 2650 ab
208 2593 347 2651 Herodoto
363 2593 404 2666 (2,
423 2591 492 2669 168)
511 2594 573 2652 100
589 2601 694 2651 tontum
710 2594 794 2652 cubiti
810 2597 836 2649 in
855 2594 970 2667 quodm-

57 2687 123 2746 ῑιιιυ,
139 2681 167 2733 in
184 2678 232 2733 illo
247 2686 337 2735 autem
351 2679 506 2752 fragmento
524 2673 597 2752 περὶ
612 2673 738 2751 μέτρων
752 2676 811 2748 γῆ(
826 2677 899 2751 quod
916 2677 968 2733 vol

56 2762 105 2833 lp.
125 2761 164 2818 56
183 2761 268 2831 edidi,
293 2763 354 2821 130
375 2762 460 2819 cubiti
483 2763 650 2819 tribuuntur.
685 2763 740 2818 lom
762 2778 827 2818 vero
846 2762 888 2817 hio
909 2763 969 2835 ipse

58 2845 118 2901 130
132 2845 286 2901 cubitorum
301 2862 431 2903 numerus
453 2849 521 2903 viem
537 2847 707 2902 demonstret
724 2863 777 2919 qno
793 2845 870 2902 locus
886 2845 970 2903 Sobo-

55 2931 161 2985 wienus
179 2929 360 2986 emendandus
376 2931 420 2986 sit·
456 2931 577 3005 Apparet
591 2932 662 2987 enim
677 2948 784 2987 omrem
799 2932 827 2986 in
849 2931 970 3004 longitu-

55 3014 144 3070 dinem
160 3022 187 3068 et
201 3013 371 3068 latitudinem
388 3014 429 3071 20
441 3031 554 3071 amenas
568 3015 623 3070 sive
637 3015 727 3085 133tt
737 3014 845 3071 cubitos
861 3015 967 3072 hebere.

56 3099 123 3154 Tum
141 3091 282 3169 πλέθρον
297 3096 365 3154 illud
383 3099 454 3171 quod
469 3099 497 3154 in
514 3097 666 3172 fragmento
682 3094 756 3171 περὶ
771 3090 896 3171 μέτρων
911 3098 969 3172 γῆ(

56 3183 168 3238 allertnn
183 3190 224 3237 est
239 3181 291 3239 25⁵
312 3200 376 3256 pem
398 3198 493 3239 arurae
510 3181 581 3254 (nam
595 3200 691 3240 arurae
708 3183 784 3255 130,
802 3183 911 3258 plethro
929 3183 968 3241 26

56 3267 155 3339 cubiti,
179 3267 207 3322 h.
223 3284 248 3324 e.
272 3267 366 3340 quinte
387 3284 467 3341 pars,
491 3272 519 3324 ln
542 3267 740 3341 longitudinem
755 3274 783 3325 el
798 3267 969 3325 latitudinem

58 3351 242 3423 tribuuntur);
267 3352 334 3408 haec
347 3351 433 3424 igitur
452 3360 516 3408 sunt
530 3341 574 3411 κε’
592 3347 714 3426 πλέθρα
731 3351 901 3410 Sohowiono.
931 3355 969 3408 Αο

55 3454 139 3511 pomo
166 3438 231 3495 lmee
251 3444 376 3493 accurata
397 3438 455 3495 eius
479 3437 581 3511 plethri
603 3454 730 3495 mensuro
750 3437 887 3508 eflicitur
901 3435 969 3492 ιιι4

54 3539 166 3577 oenones
180 3525 238 3578 sive
257 3521 329 3596 2635
350 3521 487 3583 cubitos
478 3540 509 3581 in
530 3521 741 3601 longitudinem
761 3530 795 3579 ολ
807 3519 996 3577 λυίιλιιλκυκια

41 3602 148 3658 debent
180 3606 224 3663 Sie
248 3609 339 3683 igitur
363 3611 393 3669 ln
420 3611 487 3671 loco
510 3611 688 3673 Sohowiono
711 3616 786 3685 poet
807 3602 902 3660 pedm
920 3585 1027 3661 potnit
