2378 3930
81 254 84 259 .
164 200 225 267 138
427 222 595 267 excursare
614 226 655 265 nx
677 223 820 267 rsrnosso.
1002 200 1078 289 [138]

163 356 240 419 oellit
268 372 321 434 pes
346 355 490 417 manualis
512 358 618 436 pedem
640 356 820 428 naturalem,
850 366 994 436 quantum
1016 356 1079 436 pol·

162 459 210 520 lex
231 460 261 519 in
283 455 499 535 longitudinem
514 458 652 535 protendi
667 465 773 536 potest.
797 458 934 519 similiter
949 467 980 520 et
994 458 1078 521 cubi·

162 569 219 623 tus.
264 577 334 620 nam
361 576 437 618 uuus
464 558 580 620 cubitus
603 568 647 620 est
669 561 720 637 qui
742 557 915 621 naturaliter
939 578 955 621 a
978 560 1080 623 cubito

162 663 198 724 ad
234 661 392 739 digitorum
426 662 624 721 summitatem
660 679 753 741 usque
781 661 946 739 pertendit:
985 662 1079 741 qualis

126 776 143 823 5
162 770 225 825 erat
246 763 364 824 cubitus
387 779 445 840 quo
468 780 537 823 arca
560 765 736 833 testamenti,
760 781 848 843 quam
865 763 982 843 Moyses
998 765 1079 826 iussu

162 866 210 928 dei
231 865 351 934 iecerat,
376 861 472 923 luerat
494 872 674 925 mensurata.
713 863 787 925 alius
810 863 927 925 cubitus
951 874 1004 933 est,
1030 867 1077 945 qui

161 976 191 1028 et
212 967 307 1027 maior
336 965 458 1033 dicitur,
490 983 548 1044 quo
576 984 644 1026 arca
673 965 754 1027 Noae
782 966 918 1027 demetita
946 985 1013 1028 esse
1036 967 1077 1027 di·

160 1070 302 1136 noscitur,
327 1068 376 1145 qui
398 1065 520 1126 brachio
544 1074 665 1127 extenso
685 1075 747 1127 toto
770 1067 870 1128 cubito
886 1070 975 1146 capiti
990 1086 1076 1147 prae·
1113 1102 1118 1108 ·

160 1170 218 1231 lato
247 1188 279 1230 se
308 1187 373 1229 esse
401 1168 592 1228 demonstrat.
638 1170 681 1228 sio
710 1171 797 1229 etiam
821 1174 850 1228 et
871 1187 975 1247 passus
998 1171 1075 1247 apud

110 1282 142 1331 10
161 1272 296 1350 antiquos
324 1266 480 1345 dupliciter
507 1268 612 1329 haberi
640 1270 789 1330 uidentur.
835 1273 943 1331 etenim
972 1289 1075 1350 passus

160 1374 266 1434 dicitur
295 1370 374 1448 quod
404 1368 519 1430 duobus
548 1369 698 1448 gressibus
719 1371 881 1447 gradiendo
905 1372 1073 1434 conficitur:

158 1492 262 1554 passus
291 1474 377 1533 etiarn
408 1470 515 1532 dicitur
542 1480 683 1549 quantum
707 1472 850 1533 ambobus
872 1473 1002 1534 brachiis
1024 1493 1073 1534 ex-

157 1576 247 1637 tensis
269 1574 347 1635 inter
370 1571 556 1650 longissimos
578 1573 686 1651 digitos
709 1581 760 1634 est.
799 1579 890 1634 status
911 1581 1009 1635 autem
1031 1583 1075 1636 est

158 1679 246 1738 nnius
268 1677 410 1752 cuiusque
432 1672 563 1734 altitudo.

108 1804 140 1853 15
224 1793 261 1856 17
267 1841 273 1853 .
297 1792 372 1853 lllud
396 1794 505 1852 etenim
528 1793 679 1855 sciendum
703 1799 754 1863 est,
782 1796 849 1872 quia
872 1803 939 1854 sunt
954 1813 1072 1855 monsu-

158 1916 209 1958 rae
233 1914 307 1974 quae
330 1893 366 1954 ad
388 1895 515 1955 viatores
537 1912 589 1955 seu
613 1895 648 1956 ad
671 1913 808 1956 cursores
823 1898 981 1974 pertinent.
1019 1898 1072 1957 rni-

157 2000 234 2059 nima
263 2015 331 2076 pars
354 1994 478 2057 stadium
501 2002 559 2066 est,
590 1995 703 2057 liabens
725 2015 829 2075 passus
853 1997 961 2058 CXXV.
1008 2006 1071 2059 octo

157 2101 248 2162 stadia
264 2098 421 2158 miliarium
438 2097 574 2167 reddunt,
599 2097 680 2158 millo
697 2116 800 2176 passus
816 2097 984 2158 habentem.
1016 2100 1071 2158 rni-

156 2202 258 2262 liarius
281 2207 310 2258 et
332 2198 468 2259 dimidius
491 2200 568 2278 apud
592 2199 689 2261 Gallos
711 2200 824 2260 leuvam
847 2202 933 2269 lacit,
961 2199 1069 2260 liaben-

105 2314 138 2360 ao
155 2311 214 2362 tem
244 2317 348 2378 passus
376 2299 455 2360 mille
478 2302 664 2378 quingentos,
711 2301 786 2361 (lirae
808 2301 908 2362 leuvae
932 2303 993 2362 sive
1017 2303 1069 2361 mi·

156 2403 231 2462 liarii
254 2407 316 2459 tros
340 2401 416 2477 apud
440 2402 603 2463 Germanos
626 2420 714 2462 unam
738 2412 845 2462 rastanr
870 2403 1011 2464 alliciunt.

575 2636 644 2699 138.

457 2757 507 2805 nn
525 2756 768 2809 rennuentes

219 2875 246 2935 1.
270 2875 438 2936 Ponderum
461 2893 530 2952 pars
552 2877 673 2936 minima
697 2876 825 2937 calculus
848 2884 899 2945 est,
924 2879 974 2955 qui
996 2862 1068 2937 eon·

103 2998 136 3044 25
154 2983 210 3037 stat
234 2996 269 3036 ex
292 2978 391 3054 granis
414 2977 519 3037 ciceris
543 2977 667 3047 duobus,
693 2986 721 3038 et
743 2978 820 3057 apud
843 2978 986 3057 quosdam
1009 2977 1067 3038 sili·

154 3097 209 3157 qua
239 3084 393 3155 pensante,
423 3096 498 3155 qnae
526 3078 620 3139 tribus
650 3081 749 3157 grauis
772 3080 876 3140 hordei
899 3079 1067 3141 declaratur

153 3184 183 3240 in
205 3179 346 3257 pondere.

153 3316 214 3325 ‘-

219 3396 475 3461 2.lorrgitudineG
543 3403 566 3450 7.
586 3401 671 3451 archa
693 3404 720 3451 Γ
772 3419 823 3453 noe
846 3403 894 3452 VG
962 3405 986 3453 8.
1005 3418 1067 3467 pre·

152 3484 209 3534 lato
231 3482 278 3533 Vn
381 3482 421 3532 15.
442 3483 506 3544 quia
525 3483 597 3548 sunt]
619 3487 745 3548 quiestor
766 3488 803 3540 V.-
821 3489 950 3552 tepentium
968 3489 1068 3537 uidetur

153 3569 218 3634 quia
236 3570 298 3617 sunt
317 3570 345 3616 et
414 3567 456 3615 ⁶21.
475 3574 577 3617 restam
599 3571 624 3619 Γ
