2378 3930
159 189 225 238 vlit
526 194 715 237 PRAEFATIO.

225 333 296 389 117.
319 332 399 389 locis
416 331 502 405 Festi,
518 341 550 389 ut
565 339 777 389 consentaneum
793 340 862 403 erat,
880 335 973 389 statim
987 334 1085 392 addidi

160 434 191 474 ea
212 434 282 491 quae
302 417 402 473 Paulus
422 417 554 474 haberer
571 418 653 474 Pesto
674 425 815 491 excerpta,
839 434 908 491 quae
928 419 1088 476 minoribus

160 502 313 558 litterarum
330 501 428 559 formis
444 502 563 559 distinxi.
597 501 635 558 Ex
655 502 730 558 Festi
751 503 846 559 codice
866 519 975 558 omnem
993 504 1081 578 scrip·

161 596 238 643 turae
253 589 410 644 varietatem
428 587 576 662 adscripsi,
592 588 695 660 passim
712 594 819 643 auctam
834 594 862 643 et
877 595 1029 644 correctam
1046 588 1086 644 ab

160 671 190 726 H.
206 670 295 728 Keilio
311 673 340 726 in
355 671 424 728 llus.
439 671 571 728 libentii
587 668 689 746 (1847)
705 689 732 745 p.
745 672 806 729 618
818 690 867 742 ss,
884 688 953 744 quae
968 671 1088 745 supple·-

161 763 253 812 menta
270 758 363 812 notavi
385 756 474 812 addita
493 755 584 812 littera
599 755 632 810 ll.
672 754 806 812 Nonnulla
827 759 908 813 tacite
930 757 1084 814 secundum

162 839 278 896 lleilium
294 842 415 911 correxi,
433 847 464 895 ut
484 859 509 914 p.
529 840 579 910 77,
596 841 613 897 7
631 842 844 913 quodcumque,
864 859 890 914 p.
907 840 957 911 79,
975 841 1014 897 19
1035 846 1082 898 in-

159 925 330 995 perfectum.
366 925 509 980 Extremus
534 924 609 981 l'esti
633 925 710 981 locos
731 927 847 999 repetivi
870 942 901 980 cx
917 925 1083 983 llommseni

160 1010 320 1064 recensione
335 1024 404 1080 quae
416 1026 506 1083 nuper
520 1010 624 1083 prodiit
638 1012 665 1064 in
678 1004 880 1066 commentariis
894 1008 975 1065 bcad.
986 1009 1078 1067 Berol.

160 1111 182 1148 a.
193 1092 274 1149 1864
284 1092 404 1166 pblss.
432 1094 505 1150 idem
521 1095 629 1149 initium
644 1094 781 1167 plebisciti
794 1093 888 1150 Siliani
903 1111 953 1168 per
968 1093 1078 1151 litteras

160 1177 330 1233 emendatum
346 1179 379 1233 ad
395 1196 438 1234 me
454 1179 538 1248 misit,
552 1178 598 1234 ubi
614 1179 647 1234 de
662 1187 726 1235 note
741 1178 800 1249 llL,
818 1181 837 1234 i.
853 1195 875 1233 0.
894 1179 1078 1251 duodequin-

161 1267 319 1334 quopr'nto,
333 1261 451 1319 conferri
467 1265 550 1319 iussit
566 1263 652 1335 legem
668 1264 879 1337 repetundarum
895 1262 1084 1335 (C.l.L.vol.l

159 1364 185 1401 u.
203 1347 275 1418 198,
290 1345 355 1417 34);
380 1365 410 1404 ac
426 1348 551 1403 similiter
565 1350 593 1403 in
615 1347 674 1404 aliis
693 1347 918 1421 inscriptionibus
938 1348 1085 1415 inveniun-

160 1441 205 1487 tur
220 1431 281 1500 llX,
296 1431 379 1502 llllX,
395 1431 484 1489 llllllX
501 1431 534 1503 (v.
551 1433 654 1488 indices
670 1432 733 1487 ibid.
750 1452 776 1506 p.
795 1431 875 1501 613).
893 1462 930 1471 -
946 1431 1024 1488 Pauli
1038 1432 1081 1488 lo·

159 1533 206 1572 cos
222 1516 294 1572 edidi
310 1533 325 1570 0
340 1517 433 1573 codice
449 1516 661 1591 Guelferbytano
681 1518 730 1573 10.
747 1517 764 1573 3
781 1519 848 1590 Aug.
866 1518 893 1571 in
910 1516 930 1570 4
945 1516 1083 1572 membra·

161 1617 244 1656 noceo
261 1600 364 1657 saecrx
378 1596 429 1673 (G).
462 1601 491 1655 P.
503 1602 552 1670 76,
567 1603 605 1658 17
622 1619 676 1657 non
695 1601 802 1657 oileudo
821 1603 849 1656 in
865 1600 954 1656 verbis
970 1603 1081 1674 singuli

156 1686 256 1756 pondo
277 1685 384 1754 libros,
404 1702 473 1758 quae
490 1703 578 1759 nuper
598 1688 625 1741 in
646 1686 845 1742 dubitationem
862 1686 965 1740 vocavit
980 1684 1083 1741 lladvi·

160 1771 221 1841 gius
242 1770 271 1823 in
292 1769 402 1825 Emend.
421 1769 477 1824 Liv.
493 1788 519 1843 p.
539 1770 609 1826 318.
651 1770 716 1825 Nam
739 1777 766 1824 et
790 1771 842 1826 hoc
870 1769 933 1824 loco
957 1777 985 1824 et
1006 1770 1080 1843 apud

159 1853 306 1909 Varronem
323 1853 355 1908 de
372 1853 389 1908 l.
405 1854 463 1909 Lat.
481 1854 498 1924 S
513 1854 573 1911 182
590 1862 617 1910 et
631 1855 735 1910 Livium
752 1853 802 1924 26,
818 1853 869 1922 47,
888 1854 905 1908 7
923 1853 1015 1909 libros
1031 1871 1079 1909 an·

160 1938 236 2011 tiqua
251 1940 369 2010 genetivi
385 1938 472 1994 forma
484 1939 549 1993 mihi
562 1955 622 1995 esse
638 1940 752 1994 videtur.
768 1970 803 1978 -
818 1937 960 2010 scaligeri,
975 1938 1080 2008 Ursini,

160 2022 283 2079 lluelleri
303 2024 453 2097 scripturas
470 2023 620 2096 significavi
636 2024 704 2094 Sco,
725 2025 789 2096 Urs,
807 2023 881 2078 Moe.

223 2158 291 2214 118.
312 2158 445 2214 Prisciani
461 2158 550 2215 locum
568 2176 581 2214 e
597 2159 666 2214 libro
683 2159 715 2214 de
734 2158 828 2232 figuris
844 2175 1022 2221 numerorum
1036 2177 1082 2215 re·

158 2244 275 2315 petitum
297 2245 444 2315 recognovi
467 2244 614 2299 secundum
636 2244 757 2299 codicem
778 2243 929 2300 Gudianum
947 2243 1007 2300 132
1029 2243 1080 2300 101.

161 2319 279 2397 66100,
297 2343 376 2398 quem
393 2327 423 2382 H.
439 2326 545 2383 lleilius
563 2330 590 2382 in
607 2329 657 2382 boc
672 2328 741 2383 libro
757 2328 860 2383 edendo
878 2329 986 2397 omisit,
1002 2328 1079 2385 adbi-

158 2411 219 2466 buit
239 2418 329 2466 autem
350 2412 383 2467 ad
403 2411 535 2468 Prisciani
561 2413 726 2468 Partitiones
748 2411 781 2484 (v.
804 2413 890 2485 praef.
913 2431 938 2486 p.
956 2413 1017 2469 398
1034 2412 1080 2484 s).

159 2496 187 2549 ln
204 2494 257 2550 boc
272 2496 364 2551 codice
380 2496 564 2551 memorabilis
582 2504 625 2552 est
645 2499 781 2570 scriptura
799 2497 948 2552 dardanio
969 2496 1080 2572 (314),

161 2580 193 2634 de
210 2596 263 2652 qua
279 2581 338 2636 virle
352 2580 422 2654 prol.
438 2599 464 2654 p.
483 2581 531 2636 23.
551 2611 586 2621 -
603 2581 631 2634 P.
650 2581 701 2650 84,
718 2582 759 2639 20
779 2581 963 2646 0111110100]
984 2590 1080 2637 aucto-

160 2666 241 2718 ritate
256 2664 327 2720 edidi
344 2666 513 2720 tetrachma.
544 2665 688 2721 Praeterea
705 2666 777 2720 nulla
799 2667 855 2721 lere
871 2668 898 2721 in
915 2683 945 2720 re
963 2666 1079 2721 discessi

159 2748 192 2803 ab
210 2764 241 2803 eo
256 2749 401 2806 verborum
417 2750 546 2805 Prisciani
563 2758 692 2806 contentu
710 2766 789 2823 quem
807 2752 918 2824 egregie
934 2750 1082 2806 constituit

158 2832 271 2888 lleilius.

222 2952 292 3007 119.
316 2952 429 3010 Victorii
455 2961 645 3026 argumentum
666 2953 815 3010 calculandi
837 2971 869 3009 ex
890 2954 983 3010 codice
1001 2953 1082 3008 Bam·

157 3035 234 3108 berg.
256 3037 368 3092 membr.
388 3055 457 3094 saec.
473 3039 495 3093 X
510 3038 551 3094 vel
571 3039 604 3094 lll
625 3039 708 3095 edidit
729 3039 863 3095 Christius
884 3041 912 3094 in
934 3036 1080 3093 annalibus

158 3121 239 3176 dead.
261 3120 363 3176 lionae.
386 3120 645 3197 (Sttznnpsbertclrt
667 3132 718 3180 ete.
742 3124 832 3182 1863.
856 3123 874 3177 l.
896 3142 924 3197 p.
941 3121 1001 3179 132
1018 3119 1077 3192 ss).

158 3205 230 3260 ldem
257 3205 439 3278 fragmentum
465 3209 538 3264 inter
558 3209 643 3264 bedae
670 3208 835 3264 Venerabilis
859 3210 961 3282 scripta
988 3213 1080 3262 exstat

160 3290 232 3344 edita
252 3288 371 3346 basileae
391 3308 441 3364 per
460 3293 498 3348 lo.
516 3293 678 3366 Hervagium
697 3313 720 3349 a.
742 3292 840 3362 1563,
862 3292 915 3347 vol.
932 3292 943 3347 l
960 3310 988 3365 p.
1006 3288 1080 3346 147.

160 3375 210 3430 Ubi
226 3375 270 3431 bic
290 3373 387 3430 titulus
410 3377 559 3449 praefixus:
581 3379 679 3433 Bedae
697 3378 862 3448 Presbyteri
872 3378 1026 3449 praefatio
1045 3379 1078 3429 in

160 3459 284 3515 libellum
306 3461 342 3515 de
362 3465 480 3516 ratione
503 3464 619 3518 calculi.
655 3468 775 3538 Apparet
797 3471 888 3519 autem
907 3462 1004 3518 Bedam
1025 3475 1080 3514 suo

160 3544 273 3601 arbitrio
290 3545 419 3619 quaedam
434 3549 597 3619 mutavisse,
616 3548 746 3605 nonnulla
762 3549 842 3604 etiam
859 3547 1008 3616 addidisse,
1027 3545 1081 3597 mi-
