2378 3930
62 197 141 282 [ltu]
387 220 482 261 cussa
505 220 548 261 ua
569 192 657 263 assu.
937 200 978 265 73

53 370 197 431 quaeque
220 350 337 413 iliarum
360 361 390 413 et
410 353 441 412 in
464 352 535 414 alias
556 360 656 432 partes
677 354 815 415 dividitur
835 372 909 434 quae
931 372 977 415 sc·

62 452 221 513 cundariae
244 454 370 514 suntad
394 462 504 525 totum;
527 456 623 515 omnis
646 457 724 516 enim
741 473 809 534 pars
824 456 916 535 partis
931 461 976 516 to·

61 556 119 615 tius
149 568 218 633 pars
247 561 299 615 est.
317 553 384 636 '[4.]
409 556 488 635 qnod
517 554 644 616 diximus
673 556 888 634 explanandum
915 565 975 618 cst:

61 655 217 716 cuiuslibet
250 657 380 735 integrae
415 658 460 717 rei
491 658 521 715 in
556 656 712 717 duodecim
739 663 840 737 partes
868 657 976 719 divisae

61 774 179 834 semper
215 757 389 818 duodecima
417 776 489 836 pars
516 759 602 818 uncia
630 757 751 828 dicitur,
786 766 877 821 restat
905 764 1011 819 veroa

61 859 174 926 deuux;
211 868 239 918 et
272 858 327 918 hae
360 867 429 919 sunt
456 866 557 938 partes
586 861 699 937 primae
728 860 885 922 divisionis.
916 858 976 942 [5.]

61 959 134 1019 haec
162 959 199 1020 de
227 962 300 1021 assis
327 959 459 1038 partibus
488 943 648 1021 tractamus
670 962 726 1021 nisi
749 980 784 1021 eo
807 961 895 1022 modo
918 981 977 1040 quo

61 1060 233 1140 simpliciter
257 1069 324 1121 sunt
345 1070 444 1140 partes
466 1069 499 1122 ut
520 1064 627 1140 integri
642 1065 744 1130 totius,
768 1064 881 1142 specics
897 1065 976 1124 enim

60 1161 140 1222 iilius
168 1162 398 1223 innumerabiles
425 1171 509 1233 sunt;
539 1183 607 1225 nanr
637 1172 781 1242 quotquot
807 1172 877 1226 sunt
900 1165 976 1226 iute-

60 1280 131 1340 grae
152 1265 295 1332 unitates,
321 1267 440 1325 totidem
464 1284 584 1327 necesse
607 1276 651 1325 est
672 1264 796 1343 intelligi
817 1268 890 1327 assis
911 1284 975 1328 csse
995 1273 1027 1324 10

59 1367 182 1444 species.
208 1362 268 1445 [6.]
293 1385 394 1427 earum
417 1369 561 1427 unitatum
583 1365 731 1445 quaelibet
753 1367 842 1427 divisa
869 1369 899 1428 in
927 1387 975 1429 ae·

40 1465 163 1546 quales
186 1474 284 1545 partes
307 1486 357 1527 sex
380 1477 492 1528 sextam
508 1468 627 1528 habehit
643 1476 822 1538 sextantem,
847 1468 975 1548 reliquas

60 1568 243 1637 dextantem;
268 1586 339 1646 ergo
362 1571 405 1629 sic
420 1577 516 1648 potest
531 1569 634 1628 dividi:
658 1587 728 1647 pars
743 1588 800 1630 una
817 1573 889 1632 assis
905 1573 975 1631 dex-

60 1679 139 1739 tanS,
164 1669 254 1731 altera
277 1678 402 1731 sextans.
428 1669 488 1750 [7.]
505 1672 574 1730 item
598 1669 754 1731 cuiuslibet
776 1674 819 1732 rei
842 1674 975 1750 integrae

58 1773 88 1831 in
117 1780 243 1851 quatuor
271 1779 370 1850 partes
393 1770 529 1851 aequales
552 1770 660 1832 divisae
682 1780 785 1851 (quarta
807 1791 877 1852 pars
899 1780 1022 1852 qua-15

59 1873 149 1933 drans
177 1872 344 1942 vocabitur,
372 1871 504 1951 reliquae
533 1872 673 1934 dodrans.
698 1871 758 1953 [8.]
781 1875 852 1933 item
878 1876 998 1935 cuius·-

58 1973 129 2034 libet
158 1976 203 2034 rei
231 1976 261 2032 in
290 1985 351 2034 tros
378 1983 477 2052 partes
506 1975 613 2035 divisae
641 1976 716 2035 duae
741 1972 859 2034 illarum
882 1974 975 2035 bessis

60 2075 275 2144 nominabitur,
299 2074 431 2154 reliquae
453 2076 555 2136 triens
580 2072 638 2155 [9.]
654 2093 759 2136 rursus
781 2077 908 2137 cuiusvis
930 2079 975 2137 rei

58 2177 166 2236 divisae
195 2178 224 2235 iu
252 2175 324 2237 tales
350 2176 423 2235 duas
445 2186 558 2255 partes,
589 2194 713 2256 quarum
736 2176 828 2239 altera
851 2176 973 2237 alteram

58 2279 181 2355 septima
204 2279 249 2337 sui
272 2279 360 2338 totius
383 2285 466 2355 parte
488 2285 622 2357 superat,
646 2286 772 2357 septunx
789 2278 972 2359 nuncupabi-
991 2284 1025 2334 20

57 2389 115 2447 tur,
140 2388 277 2458 superata
301 2381 460 2457 quincunx.
485 2377 671 2460 [10.]sext0
694 2380 782 2440 modo
805 2398 853 2441 res
876 2379 973 2458 aliqua

56 2482 169 2559 integra
198 2482 228 2540 in
258 2480 331 2541 duas
359 2481 496 2560 aequales
527 2483 664 2543 minutias
692 2490 861 2561 separatur,
897 2500 973 2561 quac

57 2592 200 2661 utraeque
230 2584 320 2644 semis
347 2582 494 2662 dicuntur.
534 2581 616 2664 [li]
645 2585 769 2661 septima
799 2584 900 2644 divisio
928 2584 974 2643 his

56 2684 175 2762 adiungi
203 2692 314 2761 potest;
343 2703 409 2744 nam
440 2686 482 2744 rei
509 2686 643 2761 integrae
666 2688 694 2744 in
718 2693 784 2743 octo
807 2694 907 2761 partes
929 2685 972 2745 di·

54 2785 198 2846 stributae
221 2803 289 2862 pars
311 2784 461 2865 quaelibet
483 2803 519 2845 ex
541 2785 598 2846 iliis
620 2786 684 2845 sine
706 2783 769 2845 aliis
784 2785 970 2847 considerata
989 2790 1022 2839 ‘25

54 2888 207 2947 sescuncia
230 2886 285 2946 dici
308 2896 417 2965 potest,
441 2886 573 2964 reliquae
595 2886 837 2947 semuncideunx.

120 3037 202 3120 [tx]
219 3040 300 3099 Licet
321 3040 394 3099 assis
417 3038 518 3118 plures
536 3040 594 3098 sint
609 3038 781 3110 divisiones,
805 3049 901 3100 tamen
925 3040 972 3101 his

55 3151 167 3219 septem
202 3141 362 3201 numerarii
395 3141 618 3201 ratiocinatores
646 3141 741 3217 magis
770 3148 907 3210 utuntur,
943 3150 972 3202 et

122 3412 146 3461 5.
165 3415 253 3461 restat
270 3410 325 3472 Bc,
346 3416 424 3461 sexta
441 3412 495 3473 tto,
515 3418 645 3461 caeterae
664 3413 728 3464 coni.
749 3411 785 3461 Gr
871 3414 894 3463 t.
915 3427 970 3462 non

52 3495 108 3544 nisi
125 3501 188 3547 coni.
205 3496 247 3561 Gr,
267 3495 322 3545 nisi
337 3497 503 3563 particr'pt'mn
521 3511 577 3548 esse
595 3498 680 3549 uideri
699 3498 808 3549 adnotat
826 3495 869 3544 uu
938 3496 987 3541 xx.

40 3589 92 3624 sex
108 3579 169 3627 add.
191 3578 235 3631 Gr.
307 3582 349 3653 25.
368 3582 428 3637 illis
448 3589 518 3641 corti.
540 3584 588 3654 Gr,
608 3586 648 3638 'x'xs
667 3582 724 3650 Bd,
743 3583 815 3635 ui'x'xs
832 3579 875 3628 Ro
