2378 3930
415 208 602 251 ananuu'rlo.
946 205 970 253 V

48 353 124 402 recte
138 344 260 400 intellexi
276 361 307 399 11
324 360 392 416 quae
407 361 456 417 per
471 343 577 400 litteras
593 344 752 418 scripsit-
764 344 867 400 invenit
879 345 969 420 ipsum

48 428 117 485 illud
134 428 251 484 Venetae
274 428 402 484 editionis
421 427 574 502 exemplum
590 428 716 484 Politiani
738 431 811 483 notis
831 428 969 487 nobilissi-

48 531 139 583 11111111,
160 521 244 586 atque
263 512 327 567 iude
348 530 394 568 eas
416 529 511 568 omnes
527 512 682 586 descripsit.
719 511 797 579 Quod
818 514 969 592 exemplum
991 524 994 531 ’

50 598 180 672 quoniam
194 598 236 652 vir
250 599 501 671 praestantissimus
522 606 579 653 tum
601 614 662 653 cum
678 598 710 653 ad
726 614 768 653 me
786 599 898 671 scripsit
913 616 968 656 non

49 683 77 738 in
94 681 220 737 manibus
235 681 345 750 babuit,
361 681 560 738 dubitationem
582 681 634 738 sibi
656 682 774 755 relinqui
796 682 969 754 significavit,

50 785 83 823 an
97 767 249 823 Politianus
270 785 294 840 p.
312 765 363 836 52,
378 768 416 823 19
433 767 546 822 haberet
561 765 658 824 ‘0000
668 767 722 826 CB
735 767 818 840 pedes
833 767 906 837 hae',
923 767 969 823 ubi

49 853 77 907 in
91 852 195 907 Veneta
210 851 342 924 leguntur
357 850 403 905 ‘bl
416 851 449 905 ll.
460 851 489 906 C.
511 852 605 925 pedes.
633 853 705 907 hae’.
742 850 856 907 Omnino
879 860 970 908 autem

50 952 112 993 cum
130 934 259 992 Politiani
286 944 369 992 notae
394 938 456 991 usui
479 953 541 992 esse
565 953 621 991 non
642 944 757 1010 possent
773 936 831 991 sine
849 936 968 993 Venetae

50 1021 269 1094 comparatione,
291 1019 372 1076 huius
393 1023 549 1077 varietatem
569 1021 672 1094 ubique
695 1020 826 1094 adscripsi
845 1016 920 1095 (Vc),
940 1027 969 1076 et

50 1113 190 1179 praeterea
211 1105 321 1160 distinxi
342 1106 470 1162 Politiani
491 1107 654 1179 scripturam
676 1105 747 1179 apud
763 1104 913 1160 Gesnerum
929 1114 970 1160 at·

51 1206 103 1262 que
124 1189 198 1245 illam
219 1207 298 1262 1111111
313 1189 415 1246 lleilius
431 1191 464 1246 ad
480 1207 522 1246 me
538 1190 612 1246 misit
631 1193 703 1246 notis
719 1190 754 1244 tv
767 1198 794 1245 et
809 1181 854 1245 Pl.
891 1189 969 1245 beni·
1047 1256 1055 1271 δ

51 1291 103 1345 que
124 1274 247 1329 adnotavi
270 1276 367 1344 etiam,
389 1275 435 1331 nbi
458 1292 528 1349 opus
549 1291 609 1330 esse
631 1276 784 1345 videretur,
805 1274 969 1347 scripturam

51 1358 162 1414 Gesneri
188 1366 216 1414 et
241 1359 398 1415 Schneideri
426 1360 492 1432 (Ge,
517 1360 590 1426 Set,
622 1376 772 1433 eorumque
803 1374 968 1415 consensum

50 1441 154 1516 vulgo).
172 1473 208 1482 —
226 1443 253 1498 P.
272 1442 378 1515 52,11
403 1445 436 1499 111
458 1461 508 1500 seu
530 1448 601 1518 qaid
617 1445 701 1500 eliud
721 1443 772 1515 (sic
791 1445 860 1498 enim
878 1459 969 1499 emen·

51 1528 165 1584 dandam
188 1544 247 1582 esse
275 1529 368 1583 censui
396 1528 529 1585 librorum
556 1529 719 1603 scripturam
741 1532 769 1583 si
790 1528 971 1600 quidaliud)

51 1612 123 1667 conl.
139 1611 192 1667 Cic.
212 1612 243 1666 de
260 1630 283 1666 r.
299 1630 327 1685 p.
346 1614 374 1683 1,
393 1613 442 1685 17,
459 1613 514 1671 29:
538 1623 572 1668 ut
587 1615 659 1670 matr·
673 1613 802 1669 Platonis
816 1613 902 1682 illud,
918 1628 969 1666 seu

51 1703 114 1768 quis
130 1698 208 1750 dicit
224 1699 310 1764 clius,
325 1698 499 1771 perelegans
515 1715 574 1754 esse
590 1702 737 1755 videntur.

116 1781 185 1834 111.
217 1781 245 1834 ln
266 1783 434 1838 recensendo
456 1783 621 1840 Columellae
642 1782 703 1840 loco
726 1785 772 1857 qui
793 1790 835 1837 est
855 1782 888 1837 dc
909 1783 968 1854 agri

50 1867 184 1920 mensuris
200 1866 381 1937 gratissimam
397 1884 508 1939 operam
530 1868 596 1922 mibi
616 1870 720 1924 navavit
736 1870 765 1922 Α.
781 1866 915 1921 Nauclrius
936 1866 969 1920 ad

49 1957 132 2022 caput
147 1950 158 2004 l
172 1949 234 2004 libri
249 1948 271 2002 V
287 1966 318 2004 11
333 1951 425 2006 codice
442 1951 506 2006 olim
526 1952 767 2023 Sangermanensi,
789 1967 862 2005 nunc
875 1949 969 2004 Petro·

49 2034 343 2107 1111111120711111
367 2036 502 2109 scriptura
523 2035 732 2108 diligentissime
754 2033 891 2088 adnotata.
924 2032 970 2087 Sic

49 2118 168 2189 contigit
189 2126 220 2171 ut
242 2118 312 2173 banc
329 2120 451 2191 quamvis
472 2119 596 2191 exiguam
612 2116 777 2174 Columellac
794 2117 886 2190 operis
905 2134 969 2189 par·

49 2201 161 2258 ticulum
174 2218 206 2256 11
218 2202 394 2257 vetustissimi
413 2203 485 2258 illius
497 2203 560 2258 libri
576 2204 740 2259 auctoritate
755 2202 834 2258 edere
849 2217 968 2275 possem.

49 2285 124 2353 Quae
146 2288 168 2340 si
184 2287 244 2358 quis
261 2303 321 2341 11111
338 2287 495 2343 Schneideri
511 2288 630 2343 editione
651 2287 816 2357 contulerit,
839 2286 882 2341 vin
902 2303 969 2341 eun·

50 2373 110 2426 dem
126 2371 288 2443 scriptorem
308 2371 351 2426 bic
367 2380 448 2445 atque
464 2370 520 2428 illic
534 2372 589 2444 legi
606 2373 684 2428 dicat.
718 2371 863 2426 Praeterea
878 2378 969 2426 auteur
1056 2402 1060 2408 ·

51 2457 166 2528 cognovi
185 2455 330 2510 editionem
347 2455 496 2529 principem
512 2456 651 2526 Venetam,
670 2472 739 2529 quae
755 2455 862 2511 lensoni
878 2454 968 2510 studio

49 2539 152 2613 prodiit
168 2536 260 2614 (supra
275 2539 335 2594 adn.
352 2539 397 2610 1),
413 2541 500 2596 multo
516 2542 632 2614 propius
649 2540 745 2597 abesse
760 2540 793 2595 ab
810 2537 858 2594 illo
874 2539 968 2594 Petro-

50 2625 172 2696 politano
189 2622 260 2678 libro
276 2640 357 2696 quam
372 2624 509 2698 vulgatam
522 2625 679 2681 Sclrneideri
696 2627 868 2699 scripturam.
895 2623 969 2695 Ergo

49 2707 106 2762 illis
125 2708 241 2779 vulgatis
260 2707 401 2764 erroribus
419 2709 529 2765 omissis
544 2718 654 2782 praeter
672 2708 908 2781 Petropolitanum
923 2723 969 2762 co·

50 2791 136 2847 dicem
153 2791 195 2862 (S)
211 2791 291 2846 liuius
309 2799 412 2847 tantum
428 2794 555 2849 editionis
571 2794 704 2849 rationem
721 2793 804 2848 habui
820 2791 895 2867 (Vc),
913 2809 968 2865 quo

50 2874 123 2931 lacto
146 2876 225 2931 simul
241 2875 268 2930 id
286 2886 426 2933 assecutus
441 2895 518 2948 sum,
536 2885 567 2933 ut
583 2878 711 2934 Politiani
730 2886 808 2933 notas
827 2893 841 2932 1
856 2875 969 2932 Floren-

52 2960 108 3015 tino
128 2961 245 3033 quodam
270 2961 363 3016 codice
385 2970 526 3036 excerptas
547 2960 587 3037 (Ρ)
611 2962 763 3018 adscribere
785 2977 904 3034 possem.
939 2961 968 3015 ln

50 3046 123 3100 varia
143 3044 342 3118 Petropolitani
366 3049 504 3119 scriptura
525 3050 547 3102 si
569 3062 638 3119 quae
660 3048 775 3102 cursivis
802 3045 902 3101 litteris
924 3062 969 3099 11-

49 3130 149 3201 pressi,
166 3146 197 3185 ea
213 3131 238 3184 in
254 3146 349 3185 rasura
365 3132 457 3204 posita
472 3139 543 3187 sunt.
562 3162 602 3171 ·-
618 3132 645 3186 P.
663 3130 713 3200 54,
731 3132 771 3188 10
786 3135 851 3204 post
864 3146 970 3201 passus

49 3211 183 3268 librorum
199 3213 297 3269 ductus
316 3216 395 3270 variis
412 3215 501 3270 modis
522 3215 645 3288 corrupti
668 3223 747 3283 sunt;
773 3215 820 3270 sed
835 3214 970 3286 genuinae

50 3299 203 3371 scripturae
224 3299 339 3371 vestigia
359 3303 476 3356 servavit
497 3300 525 3354 S.
563 3300 627 3356 Nam
644 3300 718 3373 quod
735 3316 766 3355 en
786 3299 840 3355 boc
857 3298 970 3354 affertur

51 3391 120 3437 sont
139 3400 286 3454 campum,
304 3383 368 3439 olim
384 3384 436 3440 luit
453 3388 650 3455 1111111111,
670 3387 696 3441 111
713 3393 803 3441 autem
818 3383 897 3440 facile
915 3383 969 3438 sol·

49 3469 124 3523 vitur
138 3469 166 3523 in
182 3476 248 3523 sunt
265 3484 300 3523 ca
317 3467 419 3540 raptio)
434 3469 562 3542 p[edum)
583 3469 702 3542 Vlconl.
719 3471 882 3543 scripturam
899 3467 972 3522 Vati·

51 3553 110 3608 cani
127 3570 154 3625 p.
171 3552 222 3623 58,
238 3548 386 3629 111.-1.
400 3553 450 3625 54,
469 3555 507 3611 19
522 3572 672 3627 possumus
687 3556 725 3611 111
742 3556 803 3628 quis
819 3553 891 3608 tueri
905 3565 969 3623 pos·
