2378 3930
342 217 523 274 cflonoon.
542 219 555 272 Ι
573 226 599 276 4.
618 224 635 274 6
654 221 781 290 (ao-28)
1050 220 1069 283 7

52 387 134 451 haec
164 404 291 448 summa
317 381 424 447 nostri
451 382 553 465 orbis,
579 381 641 446 hae
670 384 831 449 maximae
857 386 982 468 partes,
1009 383 1072 449 hae
1092 399 1126 447 24

53 475 178 540 formae
197 474 374 557 gentesque
388 470 538 554 partium.
574 491 660 535 nunc
674 473 816 538 exactius
836 495 911 538 oras
926 472 1071 558 situsque

54 563 182 629 dicturo
205 560 279 625 inde
303 563 353 625 est
376 558 706 626 commodissimum
696 560 838 644 incipere
861 560 946 627 unde
968 564 1072 626 terras

54 650 87 717 N
88 654 217 716 ostrum
235 649 372 734 pelagus
386 647 578 732 ingreditur,
596 652 629 712 et
643 646 684 713 ab
698 647 751 712 his
764 649 972 733 potissimum
990 671 1072 735 quae

28 739 206 805 sinlluenti
232 737 347 802 dextra
379 739 468 820 sunt3
501 734 616 801 deinde
644 735 803 820 stringere
830 738 929 803 litora
961 739 1072 804 ordine

55 850 120 912 quo
144 828 260 910 iacent,
282 825 525 910 peragratisque
544 823 695 890 omnibus
714 847 796 909 quae
815 825 848 890 id
867 848 956 892 mare
975 830 1060 892 atm

55 919 140 1002 gunt
157 915 317 1000 legeret
284 936 301 978 e
318 914 385 1016 iam
408 913 465 978 illa
483 935 565 998 quae
585 913 688 998 cingit
706 935 859 1016 oceanus3
883 914 984 980 donec
1004 937 1074 980 cur·

56 1027 112 1070 sus
134 1003 258 1086 incepti
280 1001 397 1086 operis,
419 1002 506 1066 intra
524 1004 677 1085 extraque
701 1002 933 1070 circumvectus
953 1004 1075 1087 orbem,

55 1093 135 1158 illuc
157 1091 241 1157 unde
264 1091 407 1174 coeperit
392 1090 549 1156 t.redeat

16 1203 41 1243 ro
145 1179 278 1246 Dictum
306 1183 356 1245 est
379 1179 584 1245 Atlanticum
610 1199 681 1244 esse
705 1184 860 1245 oceanum
887 1181 943 1265 qui
967 1184 1073 1246 terras
1093 1158 1128 1285 {³5

56 1270 98 1334 ab
137 1268 302 1335 occidente
339 1268 550 1353 contingeret.
604 1266 680 1333 hinc
717 1268 752 1332 in
787 1267 945 1334 Nostrum
984 1291 1075 1334 marc

54 1358 267 1442 pergentibus
299 1357 392 1422 laeva
422 1355 596 1440 Hispania,
630 1354 836 1422 Mauretania
871 1357 985 1422 dextra
1017 1360 1075 1441 est,

55 1446 182 1530 primae
203 1449 314 1528 partes
336 1445 395 1511 illa
416 1443 584 1528 Europae,
612 1444 692 1510 haec
714 1444 854 1511 Africae.
900 1446 969 1511 eius
999 1468 1075 1512 orae

55 1535 132 1600 finis
150 1533 318 1618 Mulucha,
337 1537 434 1617 caput
448 1538 546 1619 atque
566 1533 731 1599 exordium
746 1538 796 1599 est
813 1535 1076 1618 promunturium

17 1643 42 1686 rs
57 1622 145 1708 quod
168 1622 285 1688 Graeci
307 1621 547 1706 Ampelusiam,
570 1621 648 1687 Afri
667 1621 763 1687 aliter
786 1622 951 1688 sedidem
974 1624 1074 1708 signi·

57 1711 176 1778 ficante
198 1711 358 1777 vocabulo
382 1711 560 1795 appellant.
606 1711 641 1774 in
669 1731 706 1776 eo
729 1715 780 1776 est
803 1725 917 1794 specus
940 1710 1075 1777 Herculi
1094 1724 1128 1775 ao

57 1821 157 1884 sacer,
179 1803 213 1865 et
235 1800 324 1865 ultra
347 1821 479 1884 specum
498 1800 600 1884 Tinge
624 1800 779 1884 oppidum
801 1803 953 1884 pervetus
977 1804 1012 1864 et
1033 1801 1075 1865 ab

57 1888 197 1973 Antaeo,
218 1887 392 1972 atterunt,
415 1888 588 1953 conditum.
635 1892 724 1954 extat
741 1888 789 1953 rei
812 1888 943 1972 signum
961 1911 1077 1973 parma

58 1976 266 2061 elephantino
284 1976 408 2062 tergori
426 1981 556 2042 exsecta
573 1978 688 2061 ingens
708 1980 740 2041 et
759 1977 801 2041 ob
820 1977 1077 2061 magnitudinem

17 2087 43 2128 so
57 2066 141 2131 nulli
158 2087 244 2132 nunc
262 2086 358 2131 usuro
378 2065 509 2148 habilis,
528 2087 626 2149 quam
644 2065 790 2130 locorum
809 2064 938 2129 accolae
957 2064 999 2130 ab
1018 2065 1076 2128 illo

58 2156 222 2240 gestatam
244 2175 304 2238 pro
328 2175 404 2220 vero
426 2153 551 2220 habent
577 2152 774 2238 traduntque
798 2156 831 2218 et
858 2152 932 2219 inde
961 2152 1076 2218 eximie

58 2243 177 2308 colunt
214 2242 329 2308 deinde
347 2245 398 2308 est
415 2264 508 2308 mons
526 2241 700 2327 praealtus,
718 2241 749 2307 ei
768 2262 865 2327 quem
883 2263 922 2307 ex
941 2241 1076 2308 adverso
1096 2255 1129 2304 2⁵1

58 2330 220 2415 Hispania
242 2331 374 2397 adtollit
397 2331 556 2397 obiectus:
579 2331 666 2396 hunc
684 2330 818 2396 Abilam
840 2331 941 2396 illum,
953 2327 1079 2416 Calpen

58 2423 192 2503 vocant,
227 2418 405 2485 Columnas
441 2419 593 2485 Herculis
629 2421 811 2502 utrumque.
866 2419 955 2484 addit
990 2419 1079 2485 fama

17 2528 45 2569 aa
58 2509 202 2574 nominis
224 2507 384 2593 fabulam,
411 2507 586 2574 Herculem
613 2508 721 2592 ipsum
747 2508 877 2574 iunctos
905 2507 984 2573 olim
1007 2530 1077 2592 per·

59 2600 159 2681 petuo
182 2597 260 2681 iugo
283 2596 450 2663 diremisse
474 2597 581 2681 colles,
605 2602 702 2681 atque
724 2597 772 2661 ita
795 2597 958 2662 exclusum
981 2601 1079 2662 antea

60 2685 147 2751 mole
170 2685 331 2751 montium
354 2707 511 2752 oceanum
534 2684 676 2770 adquae
699 2707 784 2751 nunc
807 2685 943 2751 inundat
961 2684 1078 2750 admis-

61 2795 142 2839 sum.
186 2773 240 2838 hic
262 2774 329 2839 iam
351 2796 440 2840 mare
463 2774 563 2840 latius
586 2773 745 2857 funditur,
769 2774 1001 2859 submotasquc
1024 2796 1079 2838 va·

61 2863 142 2929 etius
175 2866 280 2928 terras
311 2883 430 2948 magno
458 2863 582 2946 impetu
614 2862 760 2928 inflectit.
810 2866 955 2928 ceterum
987 2862 1078 2947 regio
1097 2876 1132 2926 28

19 2988 46 3030 so
60 2949 217 3036 ignobilis
240 2955 274 3016 et
291 2951 346 3016 vix
368 2952 540 3036 quicquam
558 2950 694 3016 inlustre
718 2950 836 3016 sortita
856 2951 966 3034 parvis
990 2951 1079 3034 oppi-

61 3039 112 3104 dis
136 3038 320 3124 habitatur,
341 3063 442 3124 parva
465 3039 600 3105 flumina
622 3039 757 3121 emittit,
785 3039 856 3104 solo
880 3060 978 3124 quam
1000 3039 1079 3105 viris
1105 3059 1107 3064 ·

134 3256 158 3304 6.
177 3249 207 3302 in
225 3265 303 3304 mare
321 3249 349 3304 A
367 3248 397 3303 id
420 3248 546 3304 mareJ.
571 3249 607 3302 A.
632 3248 753 3304 Mueller
826 3254 867 3305 13.
890 3246 958 3304 illae
978 3249 1006 3301 A
1030 3247 1081 3301 illa

58 3337 80 3376 c
135 3320 252 3392 haelsA
269 3321 341 3374 haec
359 3337 380 3376 c
434 3326 476 3374 14.
496 3318 533 3372 ad
534 3335 588 3389 que
602 3319 643 3372 A¹
662 3319 746 3387 atque
759 3318 801 3375 A²
854 3317 1080 3390 promunturium

59 3391 103 3446 A¹
117 3390 343 3462 promuntorium
362 3389 403 3444 A*
439 3390 636 3446 ’166616οΑ
688 3337 912 3445 13666616911ι
927 3390 1025 3445 erecta
1038 3389 1080 3442 A¹

134 3503 177 3552 23.
197 3496 313 3552 adtollit
327 3497 367 3551 A¹
382 3496 491 3552 attollit
504 3496 546 3551 A’
618 3501 661 3552 27.
680 3500 710 3567 61
728 3496 770 3552 A¹
841 3502 884 3552 30.
904 3475 1025 3564 inlustre
1039 3493 1081 3549 A¹
