<?xml version="1.0" encoding="UTF-8"?>
<!DOCTYPE html PUBLIC "-//W3C//DTD XHTML 1.0 Transitional//EN"
    "http://www.w3.org/TR/xhtml1/DTD/xhtml1-transitional.dtd">
<html xmlns="http://www.w3.org/1999/xhtml" xml:lang="en" lang="en">
 <head>
  <title>
</title>
<meta http-equiv="Content-Type" content="text/html;charset=utf-8" />
  <meta name='ocr-system' content='tesseract 3.04.00' />
  <meta name='ocr-capabilities' content='ocr_page ocr_carea ocr_par ocr_line ocrx_word'/>
</head>
<body>
  <div class='ocr_page' id='page_1' title='image "./pomponiimelaede02melagoog_0305.png"; bbox 0 0 2378 3930; ppageno 0'>
   <div class='ocr_carea' id='block_1_1' title="bbox 34 150 753 259">
    <p class='ocr_par' dir='ltr' id='par_1_1' title="bbox 34 150 753 259">
     <span class='ocr_line' id='line_1_1' title="bbox 34 150 753 259; baseline -0.008 -27"><span class='ocrx_word' id='word_1_1' title='bbox 34 252 37 259; x_wconf 33' lang='grc' dir='ltr'>Ι</span> <span class='ocrx_word' id='word_1_2' title='bbox 133 150 200 231; x_wconf 79' lang='lat'>148&#39;</span> <span class='ocrx_word' id='word_1_3' title='bbox 416 186 568 231; x_wconf 79' lang='grc' dir='ltr'>Διιοπιιοι</span> <span class='ocrx_word' id='word_1_4' title='bbox 588 186 631 227; x_wconf 68' lang='grc' dir='ltr'>ιο</span> <span class='ocrx_word' id='word_1_5' title='bbox 644 187 716 230; x_wconf 69' lang='grc' dir='ltr'>τοι.</span> <span class='ocrx_word' id='word_1_6' title='bbox 731 184 753 226; x_wconf 93' lang='lat'>1.</span> 
     </span>
    </p>
   </div>
   <div class='ocr_carea' id='block_1_2' title="bbox 129 314 1129 2260">
    <p class='ocr_par' dir='ltr' id='par_1_2' title="bbox 129 314 1129 1925">
     <span class='ocr_line' id='line_1_2' title="bbox 131 314 1044 395; baseline -0.005 -9"><span class='ocrx_word' id='word_1_7' title='bbox 131 318 304 386; x_wconf 80' lang='grc' dir='ltr'>παλαιςτὰς</span> <span class='ocrx_word' id='word_1_8' title='bbox 335 316 510 384; x_wconf 86' lang='grc' dir='ltr'>εἰκοςιεπτά</span> <span class='ocrx_word' id='word_1_9' title='bbox 537 318 589 382; x_wconf 90' lang='grc' dir='ltr'>καὶ</span> <span class='ocrx_word' id='word_1_10' title='bbox 616 315 785 382; x_wconf 84' lang='grc' dir='ltr'>κόνδυλον.</span> <span class='ocrx_word' id='word_1_11' title='bbox 822 316 991 395; x_wconf 84' lang='grc' dir='ltr'>παλαιςτὴ·</span> <span class='ocrx_word' id='word_1_12' title='bbox 1006 314 1044 381; x_wconf 84' lang='grc' dir='ltr'>δέ</span> 
     </span>
     <span class='ocr_line' id='line_1_3' title="bbox 131 400 1044 483; baseline -0.008 -12"><span class='ocrx_word' id='word_1_13' title='bbox 131 406 214 471; x_wconf 80' lang='grc' dir='ltr'>ἐςτιν</span> <span class='ocrx_word' id='word_1_14' title='bbox 231 404 249 468; x_wconf 85' lang='grc' dir='ltr'>ὁ</span> <span class='ocrx_word' id='word_1_15' title='bbox 264 402 418 483; x_wconf 87' lang='grc' dir='ltr'>γρόνθος·</span> <span class='ocrx_word' id='word_1_16' title='bbox 437 401 576 483; x_wconf 87' lang='grc' dir='ltr'>γρόνθος</span> <span class='ocrx_word' id='word_1_17' title='bbox 596 402 632 466; x_wconf 87' lang='grc' dir='ltr'>δέ</span> <span class='ocrx_word' id='word_1_18' title='bbox 650 401 714 466; x_wconf 86' lang='grc' dir='ltr'>ἐςτι</span> <span class='ocrx_word' id='word_1_19' title='bbox 727 404 795 467; x_wconf 84' lang='grc' dir='ltr'>τῶν</span> <span class='ocrx_word' id='word_1_20' title='bbox 809 400 971 481; x_wconf 76' lang='grc' dir='ltr'>τεττάρων</span> <span class='ocrx_word' id='word_1_21' title='bbox 987 405 1044 466; x_wconf 77' lang='grc' dir='ltr'>δα·</span> 
     </span>
     <span class='ocr_line' id='line_1_4' title="bbox 132 484 1044 569; baseline -0.004 -14"><span class='ocrx_word' id='word_1_22' title='bbox 132 489 258 555; x_wconf 87' lang='grc' dir='ltr'>κτύλιον</span> <span class='ocrx_word' id='word_1_23' title='bbox 278 489 537 569; x_wconf 85' lang='grc' dir='ltr'>ςυνεεφιγμένων</span> <span class='ocrx_word' id='word_1_24' title='bbox 553 487 590 552; x_wconf 92' lang='grc' dir='ltr'>τὸ</span> <span class='ocrx_word' id='word_1_25' title='bbox 610 486 775 564; x_wconf 85' lang='grc' dir='ltr'>διάςτημα,</span> <span class='ocrx_word' id='word_1_26' title='bbox 796 484 954 551; x_wconf 88' lang='grc' dir='ltr'>κόνδυλος</span> <span class='ocrx_word' id='word_1_27' title='bbox 971 487 1008 551; x_wconf 84' lang='grc' dir='ltr'>δὲ</span> <span class='ocrx_word' id='word_1_28' title='bbox 1023 484 1044 563; x_wconf 86' lang='grc' dir='ltr'>ἡ</span> 
     </span>
     <span class='ocr_line' id='line_1_5' title="bbox 130 570 1046 652; baseline -0.003 -15"><span class='ocrx_word' id='word_1_29' title='bbox 130 577 189 639; x_wconf 83' lang='grc' dir='ltr'>τοῦ</span> <span class='ocrx_word' id='word_1_30' title='bbox 210 571 387 652; x_wconf 78' lang='grc' dir='ltr'>ἀντίχειρα(</span> <span class='ocrx_word' id='word_1_31' title='bbox 416 572 543 638; x_wconf 83' lang='grc' dir='ltr'>ἔκταςις.</span> <span class='ocrx_word' id='word_1_32' title='bbox 574 572 632 650; x_wconf 88' lang='grc' dir='ltr'>τὴν</span> <span class='ocrx_word' id='word_1_33' title='bbox 656 570 794 650; x_wconf 83' lang='grc' dir='ltr'>μὲνοῦν</span> <span class='ocrx_word' id='word_1_34' title='bbox 818 570 974 650; x_wconf 86' lang='grc' dir='ltr'>ςπορίμην</span> <span class='ocrx_word' id='word_1_35' title='bbox 994 570 1046 634; x_wconf 89' lang='grc' dir='ltr'>καὶ</span> 
     </span>
     <span class='ocr_line' id='line_1_6' title="bbox 129 654 1045 737; baseline -0.004 -15"><span class='ocrx_word' id='word_1_36' title='bbox 129 658 321 737; x_wconf 86' lang='grc' dir='ltr'>ὑπάμπελον</span> <span class='ocrx_word' id='word_1_37' title='bbox 341 661 402 735; x_wconf 90' lang='grc' dir='ltr'>γῆν</span> <span class='ocrx_word' id='word_1_38' title='bbox 426 657 461 721; x_wconf 88' lang='grc' dir='ltr'>ἐν</span> <span class='ocrx_word' id='word_1_39' title='bbox 483 658 539 735; x_wconf 82' lang='grc' dir='ltr'>μὲν</span> <span class='ocrx_word' id='word_1_40' title='bbox 559 658 628 720; x_wconf 84' lang='grc' dir='ltr'>ταῖς</span> <span class='ocrx_word' id='word_1_41' title='bbox 649 658 817 736; x_wconf 83' lang='grc' dir='ltr'>βαειλικαῑς</span> <span class='ocrx_word' id='word_1_42' title='bbox 837 654 1045 736; x_wconf 84' lang='grc' dir='ltr'>ἀπογραφαῖς</span> 
     </span>
     <span class='ocr_line' id='line_1_7' title="bbox 133 739 1045 826; baseline -0.003 -20"><span class='ocrx_word' id='word_1_43' title='bbox 133 742 233 826; x_wconf 84' lang='grc' dir='ltr'>ταύτῃ</span> <span class='ocrx_word' id='word_1_44' title='bbox 248 748 286 826; x_wconf 82' lang='grc' dir='ltr'>τῇ</span> <span class='ocrx_word' id='word_1_45' title='bbox 305 741 419 824; x_wconf 88' lang='grc' dir='ltr'>ὀργνιᾷ</span> <span class='ocrx_word' id='word_1_46' title='bbox 433 741 655 819; x_wconf 82' lang='grc' dir='ltr'>παραδιδόαει,</span> <span class='ocrx_word' id='word_1_47' title='bbox 678 741 728 805; x_wconf 87' lang='grc' dir='ltr'>διὸ</span> <span class='ocrx_word' id='word_1_48' title='bbox 744 741 795 804; x_wconf 88' lang='grc' dir='ltr'>καὶ</span> <span class='ocrx_word' id='word_1_49' title='bbox 810 741 947 820; x_wconf 85' lang='grc' dir='ltr'>βαςιλικὴ</span> <span class='ocrx_word' id='word_1_50' title='bbox 965 739 1045 817; x_wconf 83' lang='grc' dir='ltr'>αὕτη</span> 
     </span>
     <span class='ocr_line' id='line_1_8' title="bbox 129 823 1045 905; baseline -0.004 -13"><span class='ocrx_word' id='word_1_51' title='bbox 129 829 285 903; x_wconf 84' lang='grc' dir='ltr'>καλεῖται,</span> <span class='ocrx_word' id='word_1_52' title='bbox 299 827 319 905; x_wconf 88' lang='grc' dir='ltr'>ἡ</span> <span class='ocrx_word' id='word_1_53' title='bbox 336 824 601 904; x_wconf 82' lang='grc' dir='ltr'>ἑνδεκαςπίθαμοε</span> <span class='ocrx_word' id='word_1_54' title='bbox 616 825 751 903; x_wconf 85' lang='grc' dir='ltr'>δηλαδή·</span> <span class='ocrx_word' id='word_1_55' title='bbox 773 825 809 890; x_wconf 84' lang='grc' dir='ltr'>ἐν</span> <span class='ocrx_word' id='word_1_56' title='bbox 827 825 863 888; x_wconf 79' lang='grc' dir='ltr'>δὲ</span> <span class='ocrx_word' id='word_1_57' title='bbox 876 827 946 888; x_wconf 85' lang='grc' dir='ltr'>ταῖς</span> <span class='ocrx_word' id='word_1_58' title='bbox 964 823 1045 903; x_wconf 92' lang='grc' dir='ltr'>πρά-</span> 
     </span>
     <span class='ocr_line' id='line_1_9' title="bbox 131 909 1045 994; baseline -0.001 -18"><span class='ocrx_word' id='word_1_59' title='bbox 131 931 212 977; x_wconf 86' lang='grc' dir='ltr'>ςεςιν</span> <span class='ocrx_word' id='word_1_60' title='bbox 238 911 383 977; x_wconf 84' lang='grc' dir='ltr'>ἐλάττονι</span> <span class='ocrx_word' id='word_1_61' title='bbox 404 909 518 994; x_wconf 84' lang='grc' dir='ltr'>ὀργυιᾷ</span> <span class='ocrx_word' id='word_1_62' title='bbox 543 913 698 988; x_wconf 85' lang='grc' dir='ltr'>ποιοῦμεν</span> <span class='ocrx_word' id='word_1_63' title='bbox 724 911 782 987; x_wconf 88' lang='grc' dir='ltr'>τὴν</span> <span class='ocrx_word' id='word_1_64' title='bbox 806 909 1045 991; x_wconf 79' lang='grc' dir='ltr'>καταμέτρηςιν,</span> 
     </span>
     <span class='ocr_line' id='line_1_10' title="bbox 132 993 1045 1074; baseline -0.002 -13"><span class='ocrx_word' id='word_1_65' title='bbox 132 997 177 1061; x_wconf 82' lang='grc' dir='ltr'>ὡς</span> <span class='ocrx_word' id='word_1_66' title='bbox 191 996 242 1059; x_wconf 89' lang='grc' dir='ltr'>καὶ</span> <span class='ocrx_word' id='word_1_67' title='bbox 257 996 293 1060; x_wconf 84' lang='grc' dir='ltr'>ἐν</span> <span class='ocrx_word' id='word_1_68' title='bbox 308 998 376 1060; x_wconf 82' lang='grc' dir='ltr'>τοῖς</span> <span class='ocrx_word' id='word_1_69' title='bbox 392 995 504 1074; x_wconf 89' lang='grc' dir='ltr'>νόμοις</span> <span class='ocrx_word' id='word_1_70' title='bbox 525 995 714 1073; x_wconf 81' lang='grc' dir='ltr'>διείληπται,</span> <span class='ocrx_word' id='word_1_71' title='bbox 735 993 783 1058; x_wconf 89' lang='grc' dir='ltr'>ἀεὶ</span> <span class='ocrx_word' id='word_1_72' title='bbox 797 996 853 1071; x_wconf 87' lang='grc' dir='ltr'>τῆς</span> <span class='ocrx_word' id='word_1_73' title='bbox 867 996 934 1059; x_wconf 89' lang='grc' dir='ltr'>τῶν</span> <span class='ocrx_word' id='word_1_74' title='bbox 950 1013 1045 1059; x_wconf 90' lang='grc' dir='ltr'>πενε-</span> 
     </span>
     <span class='ocr_line' id='line_1_11' title="bbox 131 1077 1044 1160; baseline -0.002 -16"><span class='ocrx_word' id='word_1_75' title='bbox 131 1080 255 1160; x_wconf 84' lang='grc' dir='ltr'>ςτὲρων</span> <span class='ocrx_word' id='word_1_76' title='bbox 272 1081 579 1158; x_wconf 80' lang='grc' dir='ltr'>καταετοχαζόμενοι</span> <span class='ocrx_word' id='word_1_77' title='bbox 594 1078 754 1160; x_wconf 83' lang='grc' dir='ltr'>βοηθείας·</span> <span class='ocrx_word' id='word_1_78' title='bbox 769 1081 856 1143; x_wconf 85' lang='grc' dir='ltr'>δοκεῖ</span> <span class='ocrx_word' id='word_1_79' title='bbox 868 1078 930 1157; x_wconf 88' lang='grc' dir='ltr'>γὰρ</span> <span class='ocrx_word' id='word_1_80' title='bbox 944 1077 963 1141; x_wconf 87' lang='grc' dir='ltr'>ὁ</span> <span class='ocrx_word' id='word_1_81' title='bbox 976 1100 1044 1142; x_wconf 78' lang='grc' dir='ltr'>πω·</span> 
     </span>
     <span class='ocr_line' id='line_1_12' title="bbox 131 1161 1044 1243; baseline -0.002 -15"><span class='ocrx_word' id='word_1_82' title='bbox 131 1168 211 1243; x_wconf 76' lang='grc' dir='ltr'>λῶν,</span> <span class='ocrx_word' id='word_1_83' title='bbox 226 1165 305 1229; x_wconf 88' lang='grc' dir='ltr'>καθὸ</span> <span class='ocrx_word' id='word_1_84' title='bbox 321 1167 433 1242; x_wconf 85' lang='grc' dir='ltr'>πωλεῖ,</span> <span class='ocrx_word' id='word_1_85' title='bbox 449 1169 508 1229; x_wconf 86' lang='grc' dir='ltr'>τοῦ</span> <span class='ocrx_word' id='word_1_86' title='bbox 520 1163 737 1242; x_wconf 82' lang='grc' dir='ltr'>ἀγοράζοντος</span> <span class='ocrx_word' id='word_1_87' title='bbox 748 1161 831 1228; x_wconf 82' lang='grc' dir='ltr'>εἶναι</span> <span class='ocrx_word' id='word_1_88' title='bbox 843 1162 1044 1242; x_wconf 86' lang='grc' dir='ltr'>πενέςτερος,</span> 
     </span>
     <span class='ocr_line' id='line_1_13' title="bbox 131 1247 1044 1328; baseline -0.002 -14"><span class='ocrx_word' id='word_1_89' title='bbox 131 1248 158 1314; x_wconf 88' lang='grc' dir='ltr'>εἰ</span> <span class='ocrx_word' id='word_1_90' title='bbox 175 1249 226 1313; x_wconf 88' lang='grc' dir='ltr'>καὶ</span> <span class='ocrx_word' id='word_1_91' title='bbox 242 1249 282 1327; x_wconf 84' lang='grc' dir='ltr'>μὴ</span> <span class='ocrx_word' id='word_1_92' title='bbox 298 1248 347 1313; x_wconf 87' lang='grc' dir='ltr'>ἀεὶ</span> <span class='ocrx_word' id='word_1_93' title='bbox 361 1251 459 1312; x_wconf 81' lang='grc' dir='ltr'>τοῦτο</span> <span class='ocrx_word' id='word_1_94' title='bbox 476 1248 642 1328; x_wconf 87' lang='grc' dir='ltr'>ςομβαίνει.</span> <span class='ocrx_word' id='word_1_95' title='bbox 673 1247 754 1312; x_wconf 86' lang='grc' dir='ltr'>ἀλλὰ</span> <span class='ocrx_word' id='word_1_96' title='bbox 775 1249 816 1327; x_wconf 82' lang='grc' dir='ltr'>δὴ</span> <span class='ocrx_word' id='word_1_97' title='bbox 838 1247 988 1327; x_wconf 81' lang='grc' dir='ltr'>καὶπρὸς</span> <span class='ocrx_word' id='word_1_98' title='bbox 1006 1248 1044 1312; x_wconf 91' lang='grc' dir='ltr'>τὸ</span> 
     </span>
     <span class='ocr_line' id='line_1_14' title="bbox 131 1331 1046 1413; baseline 0 -17"><span class='ocrx_word' id='word_1_99' title='bbox 131 1332 226 1412; x_wconf 83' lang='grc' dir='ltr'>μέροε</span> <span class='ocrx_word' id='word_1_100' title='bbox 247 1337 306 1396; x_wconf 83' lang='grc' dir='ltr'>τοῦ</span> <span class='ocrx_word' id='word_1_101' title='bbox 327 1332 478 1411; x_wconf 82' lang='grc' dir='ltr'>δημοςὶον</span> <span class='ocrx_word' id='word_1_102' title='bbox 499 1333 736 1411; x_wconf 87' lang='grc' dir='ltr'>ςυγκρινόμενοι</span> <span class='ocrx_word' id='word_1_103' title='bbox 761 1333 792 1396; x_wconf 91' lang='grc' dir='ltr'>οἱ</span> <span class='ocrx_word' id='word_1_104' title='bbox 811 1331 1046 1413; x_wconf 83' lang='grc' dir='ltr'>άπογραφικῶε</span> 
     </span>
     <span class='ocr_line' id='line_1_15' title="bbox 131 1416 1045 1501; baseline 0.001 -21"><span class='ocrx_word' id='word_1_105' title='bbox 131 1416 436 1496; x_wconf 85' lang='grc' dir='ltr'>παραλαμβάνοντες</span> <span class='ocrx_word' id='word_1_106' title='bbox 455 1418 495 1482; x_wconf 90' lang='grc' dir='ltr'>τὰ</span> <span class='ocrx_word' id='word_1_107' title='bbox 513 1418 606 1496; x_wconf 88' lang='grc' dir='ltr'>γήδια</span> <span class='ocrx_word' id='word_1_108' title='bbox 626 1418 728 1501; x_wconf 84' lang='grc' dir='ltr'>μυρλιρ</span> <span class='ocrx_word' id='word_1_109' title='bbox 746 1417 802 1482; x_wconf 85' lang='grc' dir='ltr'>εἰςὶ</span> <span class='ocrx_word' id='word_1_110' title='bbox 815 1417 1045 1496; x_wconf 84' lang='grc' dir='ltr'>ταπεινότεροι</span> 
     </span>
     <span class='ocr_line' id='line_1_16' title="bbox 131 1501 1129 1586; baseline 0 -21"><span class='ocrx_word' id='word_1_111' title='bbox 131 1501 212 1579; x_wconf 83' lang='grc' dir='ltr'>ὁτὲ’)</span> <span class='ocrx_word' id='word_1_112' title='bbox 228 1501 286 1579; x_wconf 84' lang='grc' dir='ltr'>μὲν</span> <span class='ocrx_word' id='word_1_113' title='bbox 302 1501 361 1566; x_wconf 82' lang='grc' dir='ltr'>οὖν</span> <span class='ocrx_word' id='word_1_114' title='bbox 373 1502 676 1582; x_wconf 83' lang='grc' dir='ltr'>παραλαμβάνοοειν</span> <span class='ocrx_word' id='word_1_115' title='bbox 688 1502 724 1567; x_wconf 83' lang='grc' dir='ltr'>ἐν</span> <span class='ocrx_word' id='word_1_116' title='bbox 735 1508 773 1586; x_wconf 77' lang='grc' dir='ltr'>τῇ</span> <span class='ocrx_word' id='word_1_117' title='bbox 789 1501 966 1586; x_wconf 83' lang='grc' dir='ltr'>ἀπογραφῇ</span> <span class='ocrx_word' id='word_1_118' title='bbox 981 1501 1045 1581; x_wconf 88' lang='grc' dir='ltr'>μεί-</span> <span class='ocrx_word' id='word_1_119' title='bbox 1125 1570 1129 1577; x_wconf 68' lang='grc'><strong>,</strong></span> 
     </span>
     <span class='ocr_line' id='line_1_17' title="bbox 131 1585 1046 1666; baseline -0.002 -13"><span class='ocrx_word' id='word_1_120' title='bbox 131 1585 371 1664; x_wconf 69' lang='grc' dir='ltr'>Ζονοδικαίανο</span> <span class='ocrx_word' id='word_1_121' title='bbox 386 1585 539 1666; x_wconf 77' lang='grc' dir='ltr'>εἶναιτὴν</span> <span class='ocrx_word' id='word_1_122' title='bbox 556 1587 699 1666; x_wconf 82' lang='grc' dir='ltr'>ὀργυιάν,</span> <span class='ocrx_word' id='word_1_123' title='bbox 717 1586 772 1651; x_wconf 84' lang='grc' dir='ltr'>ὁτὲ</span> <span class='ocrx_word' id='word_1_124' title='bbox 786 1588 822 1652; x_wconf 82' lang='grc' dir='ltr'>δὲ</span> <span class='ocrx_word' id='word_1_125' title='bbox 837 1590 1046 1665; x_wconf 84' lang='grc' dir='ltr'>παραδιδοῦςι</span> 
     </span>
     <span class='ocr_line' id='line_1_18' title="bbox 131 1670 1045 1756; baseline 0.002 -21"><span class='ocrx_word' id='word_1_126' title='bbox 131 1670 362 1756; x_wconf 82' lang='grc' dir='ltr'>πιπράεκοντεε</span> <span class='ocrx_word' id='word_1_127' title='bbox 383 1670 546 1737; x_wconf 83' lang='grc' dir='ltr'>ἐλάττονα.</span> <span class='ocrx_word' id='word_1_128' title='bbox 574 1674 632 1751; x_wconf 89' lang='grc' dir='ltr'>τὴν</span> <span class='ocrx_word' id='word_1_129' title='bbox 651 1673 687 1736; x_wconf 82' lang='grc' dir='ltr'>δὲ</span> <span class='ocrx_word' id='word_1_130' title='bbox 709 1671 872 1752; x_wconf 83' lang='grc' dir='ltr'>λιβαδαίαν</span> <span class='ocrx_word' id='word_1_131' title='bbox 895 1672 946 1735; x_wconf 89' lang='grc' dir='ltr'>καὶ</span> <span class='ocrx_word' id='word_1_132' title='bbox 962 1671 1045 1751; x_wconf 90' lang='grc' dir='ltr'>ὀρει-</span> 
     </span>
     <span class='ocr_line' id='line_1_19' title="bbox 132 1754 1044 1839; baseline 0 -18"><span class='ocrx_word' id='word_1_133' title='bbox 132 1758 193 1836; x_wconf 87' lang='grc' dir='ltr'>νήν</span> <span class='ocrx_word' id='word_1_134' title='bbox 218 1754 264 1819; x_wconf 81' lang='grc' dir='ltr'>ὡς</span> <span class='ocrx_word' id='word_1_135' title='bbox 285 1754 383 1835; x_wconf 83' lang='grc' dir='ltr'>ἧττον</span> <span class='ocrx_word' id='word_1_136' title='bbox 410 1755 584 1836; x_wconf 87' lang='grc' dir='ltr'>εὔχρηςτον</span> <span class='ocrx_word' id='word_1_137' title='bbox 610 1756 728 1835; x_wconf 82' lang='grc' dir='ltr'>μείζονι</span> <span class='ocrx_word' id='word_1_138' title='bbox 748 1756 767 1835; x_wconf 86' lang='grc' dir='ltr'>ἢ</span> <span class='ocrx_word' id='word_1_139' title='bbox 789 1755 1044 1839; x_wconf 82' lang='grc' dir='ltr'>ἑνδεκαςπιθάμιρ</span> 
     </span>
     <span class='ocr_line' id='line_1_20' title="bbox 133 1840 479 1925; baseline -0.006 -19"><span class='ocrx_word' id='word_1_140' title='bbox 133 1840 247 1925; x_wconf 86' lang='grc' dir='ltr'>ὀργυιᾷ</span> <span class='ocrx_word' id='word_1_141' title='bbox 265 1843 440 1920; x_wconf 85' lang='grc' dir='ltr'>μετροῦμεν</span> <span class='ocrx_word' id='word_1_142' title='bbox 449 1842 479 1920; x_wconf 77' lang='lat'>⁸).</span> 
     </span>
    </p>

    <p class='ocr_par' dir='ltr' id='par_1_3' title="bbox 132 1930 1055 2260">
     <span class='ocr_line' id='line_1_21' title="bbox 198 1930 1044 2007; baseline -0.001 -19"><span class='ocrx_word' id='word_1_143' title='bbox 198 1932 237 1989; x_wconf 85' lang='grc'>69</span> <span class='ocrx_word' id='word_1_144' title='bbox 252 1950 291 1988; x_wconf 87' lang='lat' dir='ltr'>vs.</span> <span class='ocrx_word' id='word_1_145' title='bbox 306 1932 335 1989; x_wconf 90' lang='lat'>3.</span> <span class='ocrx_word' id='word_1_146' title='bbox 363 1931 430 1987; x_wconf 87' lang='lat' dir='ltr'>Vide</span> <span class='ocrx_word' id='word_1_147' title='bbox 451 1950 481 1989; x_wconf 82' lang='lat' dir='ltr'>ea</span> <span class='ocrx_word' id='word_1_148' title='bbox 505 1950 574 2007; x_wconf 83' lang='lat' dir='ltr'>quae</span> <span class='ocrx_word' id='word_1_149' title='bbox 595 1932 626 1988; x_wconf 81' lang='grc' dir='ltr'>τά</span> <span class='ocrx_word' id='word_1_150' title='bbox 648 1949 674 2004; x_wconf 93' lang='grc' dir='ltr'>ρ.</span> <span class='ocrx_word' id='word_1_151' title='bbox 691 1930 768 2002; x_wconf 80' lang='grc'>208,</span> <span class='ocrx_word' id='word_1_152' title='bbox 785 1932 825 1990; x_wconf 88' lang='grc'>10</span> <span class='ocrx_word' id='word_1_153' title='bbox 846 1950 868 1987; x_wconf 81' lang='grc' dir='ltr'>ε.</span> <span class='ocrx_word' id='word_1_154' title='bbox 889 1931 985 1988; x_wconf 85' lang='lat' dir='ltr'>addidi.</span> <span class='ocrx_word' id='word_1_155' title='bbox 1003 1964 1044 1976; x_wconf 93' lang='lat'><em>-</em></span> 
     </span>
     <span class='ocr_line' id='line_1_22' title="bbox 132 2011 1045 2091; baseline 0 -20"><span class='ocrx_word' id='word_1_156' title='bbox 132 2015 197 2073; x_wconf 84' lang='lat' dir='ltr'>lbid.</span> <span class='ocrx_word' id='word_1_157' title='bbox 208 2035 246 2073; x_wconf 91' lang='lat' dir='ltr'>vs.</span> <span class='ocrx_word' id='word_1_158' title='bbox 261 2017 279 2073; x_wconf 80' lang='lat'><strong>7</strong></span> <span class='ocrx_word' id='word_1_159' title='bbox 293 2016 325 2073; x_wconf 81' lang='lat' dir='ltr'>ah</span> <span class='ocrx_word' id='word_1_160' title='bbox 341 2015 392 2074; x_wconf 85' lang='lat' dir='ltr'><strong>ult.</strong></span> <span class='ocrx_word' id='word_1_161' title='bbox 407 2011 568 2091; x_wconf 85' lang='grc' dir='ltr'>Ἑλληνικὴ</span> <span class='ocrx_word' id='word_1_162' title='bbox 584 2011 716 2089; x_wconf 80' lang='grc' dir='ltr'>κοτύλη,</span> <span class='ocrx_word' id='word_1_163' title='bbox 733 2018 775 2072; x_wconf 87' lang='lat' dir='ltr'>cui</span> <span class='ocrx_word' id='word_1_164' title='bbox 791 2016 861 2073; x_wconf 83' lang='lat' dir='ltr'>libra</span> <span class='ocrx_word' id='word_1_165' title='bbox 877 2034 930 2073; x_wconf 82' lang='lat' dir='ltr'>una</span> <span class='ocrx_word' id='word_1_166' title='bbox 947 2016 1045 2072; x_wconf 81' lang='lat' dir='ltr'>tribui·</span> 
     </span>
     <span class='ocr_line' id='line_1_23' title="bbox 134 2099 1055 2175; baseline -0.002 -20"><span class='ocrx_word' id='word_1_167' title='bbox 134 2110 192 2172; x_wconf 72' lang='lat' dir='ltr'>tur,</span> <span class='ocrx_word' id='word_1_168' title='bbox 217 2101 335 2157; x_wconf 82' lang='lat' dir='ltr'><strong>Christio</strong></span> <span class='ocrx_word' id='word_1_169' title='bbox 349 2120 378 2175; x_wconf 93' lang='lat' dir='ltr'>p.</span> <span class='ocrx_word' id='word_1_170' title='bbox 393 2100 455 2158; x_wconf 80' lang='grc'>458</span> <span class='ocrx_word' id='word_1_171' title='bbox 478 2102 529 2158; x_wconf 82' lang='lat' dir='ltr'>alia</span> <span class='ocrx_word' id='word_1_172' title='bbox 551 2119 611 2157; x_wconf 85' lang='lat' dir='ltr'>esse</span> <span class='ocrx_word' id='word_1_173' title='bbox 631 2101 720 2175; x_wconf 81' lang='lat' dir='ltr'>cotyla</span> <span class='ocrx_word' id='word_1_174' title='bbox 740 2118 771 2158; x_wconf 82' lang='lat' dir='ltr'>ac</span> <span class='ocrx_word' id='word_1_175' title='bbox 791 2099 910 2174; x_wconf 81' lang='lat' dir='ltr'>vulgaris</span> <span class='ocrx_word' id='word_1_176' title='bbox 928 2101 1055 2172; x_wconf 85' lang='lat' dir='ltr'>videtur‚.</span> 
     </span>
     <span class='ocr_line' id='line_1_24' title="bbox 134 2186 1043 2260; baseline 0.001 -20"><span class='ocrx_word' id='word_1_177' title='bbox 134 2202 203 2258; x_wconf 81' lang='lat' dir='ltr'><strong>quae</strong></span> <span class='ocrx_word' id='word_1_178' title='bbox 220 2188 298 2242; x_wconf 76' lang='lat' dir='ltr'><strong>tertia</strong></span> <span class='ocrx_word' id='word_1_179' title='bbox 313 2195 392 2258; x_wconf 79' lang='lat' dir='ltr'>parte</span> <span class='ocrx_word' id='word_1_180' title='bbox 410 2188 496 2242; x_wconf 82' lang='lat' dir='ltr'>maior</span> <span class='ocrx_word' id='word_1_181' title='bbox 511 2186 595 2242; x_wconf 81' lang='lat' dir='ltr'>fuerit</span> <span class='ocrx_word' id='word_1_182' title='bbox 610 2188 697 2241; x_wconf 76' lang='lat' dir='ltr'><strong>Attica</strong></span> <span class='ocrx_word' id='word_1_183' title='bbox 714 2194 741 2241; x_wconf 78' lang='lat' dir='ltr'>et</span> <span class='ocrx_word' id='word_1_184' title='bbox 755 2186 873 2242; x_wconf 79' lang='lat' dir='ltr'>Romana</span> <span class='ocrx_word' id='word_1_185' title='bbox 889 2186 988 2260; x_wconf 82' lang='lat' dir='ltr'><strong>cotyla.</strong></span> <span class='ocrx_word' id='word_1_186' title='bbox 1006 2216 1043 2227; x_wconf 94' lang='lat'>-</span> 
     </span>
    </p>
   </div>
   <div class='ocr_carea' id='block_1_3' title="bbox 133 2269 1043 2408">
    <p class='ocr_par' dir='ltr' id='par_1_4' title="bbox 133 2269 1043 2408">
     <span class='ocr_line' id='line_1_25' title="bbox 133 2269 1043 2408; baseline 0.003 -85"><span class='ocrx_word' id='word_1_187' title='bbox 133 2269 255 2408; x_wconf 40' lang='lat' dir='ltr'><strong>lflidls.</strong></span> <span class='ocrx_word' id='word_1_188' title='bbox 273 2270 291 2324; x_wconf 81' lang='lat'>2</span> <span class='ocrx_word' id='word_1_189' title='bbox 308 2269 340 2324; x_wconf 85' lang='lat' dir='ltr'>ab</span> <span class='ocrx_word' id='word_1_190' title='bbox 356 2270 406 2325; x_wconf 83' lang='lat' dir='ltr'>ult.</span> <span class='ocrx_word' id='word_1_191' title='bbox 422 2269 455 2326; x_wconf 83' lang='lat' dir='ltr'>de</span> <span class='ocrx_word' id='word_1_192' title='bbox 469 2271 648 2327; x_wconf 73' lang='lat' dir='ltr'><strong>Alexandrina</strong></span> <span class='ocrx_word' id='word_1_193' title='bbox 664 2270 753 2344; x_wconf 80' lang='lat' dir='ltr'>cotyla</span> <span class='ocrx_word' id='word_1_194' title='bbox 768 2271 839 2328; x_wconf 78' lang='lat' dir='ltr'><strong>conf.</strong></span> <span class='ocrx_word' id='word_1_195' title='bbox 854 2271 875 2325; x_wconf 90' lang='lat'>11</span> <span class='ocrx_word' id='word_1_196' title='bbox 886 2270 965 2344; x_wconf 80' lang='grc' dir='ltr'>ρ.42</span> <span class='ocrx_word' id='word_1_197' title='bbox 981 2288 1043 2328; x_wconf 90' lang='lat' dir='ltr'>cum</span> 
     </span>
     <span class='ocr_line' id='line_1_26' title="bbox 133 2370 236 2408; baseline 0 -1"><span class='ocrx_word' id='word_1_198' title='bbox 133 2370 147 2407; x_wconf 85' lang='lat' dir='ltr'>a</span> <span class='ocrx_word' id='word_1_199' title='bbox 167 2370 193 2408; x_wconf 89' lang='lat' dir='ltr'>n.</span> <span class='ocrx_word' id='word_1_200' title='bbox 230 2394 236 2407; x_wconf 91' lang='lat'>.</span> 
     </span>
    </p>
   </div>
   <div class='ocr_carea' id='block_1_4' title="bbox 135 2435 1044 2937">
    <p class='ocr_par' dir='ltr' id='par_1_5' title="bbox 199 2435 705 2512">
     <span class='ocr_line' id='line_1_27' title="bbox 199 2435 705 2512; baseline 0.008 -21"><span class='ocrx_word' id='word_1_201' title='bbox 199 2436 260 2494; x_wconf 87' lang='grc'>100</span> <span class='ocrx_word' id='word_1_202' title='bbox 274 2454 312 2491; x_wconf 86' lang='lat' dir='ltr'>vs.</span> <span class='ocrx_word' id='word_1_203' title='bbox 330 2435 369 2491; x_wconf 93' lang='grc'>14</span> <span class='ocrx_word' id='word_1_204' title='bbox 383 2454 433 2509; x_wconf 88' lang='lat' dir='ltr'>pro</span> <span class='ocrx_word' id='word_1_205' title='bbox 451 2437 468 2508; x_wconf 71' lang='lat' dir='ltr'>S</span> <span class='ocrx_word' id='word_1_206' title='bbox 485 2438 524 2494; x_wconf 87' lang='lat'>55</span> <span class='ocrx_word' id='word_1_207' title='bbox 544 2439 603 2512; x_wconf 81' lang='lat' dir='ltr'>lege</span> <span class='ocrx_word' id='word_1_208' title='bbox 622 2440 639 2511; x_wconf 65' lang='lat' dir='ltr'>S</span> <span class='ocrx_word' id='word_1_209' title='bbox 657 2438 705 2496; x_wconf 79' lang='lat'>52.</span> 
     </span>
    </p>

    <p class='ocr_par' dir='ltr' id='par_1_6' title="bbox 136 2519 1044 2682">
     <span class='ocr_line' id='line_1_28' title="bbox 197 2519 1044 2582; baseline 0.005 -6"><span class='ocrx_word' id='word_1_210' title='bbox 197 2519 257 2576; x_wconf 87' lang='lat'>144</span> <span class='ocrx_word' id='word_1_211' title='bbox 273 2519 333 2576; x_wconf 84' lang='lat' dir='ltr'>adn.</span> <span class='ocrx_word' id='word_1_212' title='bbox 348 2519 377 2577; x_wconf 93' lang='lat'>4.</span> <span class='ocrx_word' id='word_1_213' title='bbox 398 2520 499 2577; x_wconf 86' lang='lat' dir='ltr'>Locum</span> <span class='ocrx_word' id='word_1_214' title='bbox 521 2524 553 2579; x_wconf 86' lang='lat' dir='ltr'>de</span> <span class='ocrx_word' id='word_1_215' title='bbox 575 2524 662 2580; x_wconf 79' lang='lat' dir='ltr'>folle</span> <span class='ocrx_word' id='word_1_216' title='bbox 683 2541 697 2580; x_wconf 88' lang='lat' dir='ltr'>e</span> <span class='ocrx_word' id='word_1_217' title='bbox 717 2524 776 2580; x_wconf 87' lang='lat' dir='ltr'>cod.</span> <span class='ocrx_word' id='word_1_218' title='bbox 790 2524 875 2580; x_wconf 79' lang='lat' dir='ltr'><strong>Paris.</strong></span> <span class='ocrx_word' id='word_1_219' title='bbox 891 2523 973 2582; x_wconf 78' lang='lat'><strong>2665</strong></span> <span class='ocrx_word' id='word_1_220' title='bbox 994 2542 1044 2580; x_wconf 88' lang='lat' dir='ltr'>nu·</span> 
     </span>
     <span class='ocr_line' id='line_1_29' title="bbox 136 2605 951 2682; baseline 0.004 -22"><span class='ocrx_word' id='word_1_221' title='bbox 136 2622 186 2679; x_wconf 79' lang='lat' dir='ltr'>per</span> <span class='ocrx_word' id='word_1_222' title='bbox 201 2623 216 2661; x_wconf 82' lang='lat' dir='ltr'>a</span> <span class='ocrx_word' id='word_1_223' title='bbox 234 2605 351 2662; x_wconf 76' lang='lat' dir='ltr'><strong>Christio</strong></span> <span class='ocrx_word' id='word_1_224' title='bbox 368 2605 470 2661; x_wconf 83' lang='lat' dir='ltr'><strong>editum</strong></span> <span class='ocrx_word' id='word_1_225' title='bbox 486 2608 593 2663; x_wconf 75' lang='lat' dir='ltr'>exhibui</span> <span class='ocrx_word' id='word_1_226' title='bbox 612 2608 681 2663; x_wconf 81' lang='lat' dir='ltr'>infra</span> <span class='ocrx_word' id='word_1_227' title='bbox 698 2609 772 2682; x_wconf 81' lang='lat' dir='ltr'>adp.</span> <span class='ocrx_word' id='word_1_228' title='bbox 789 2608 849 2667; x_wconf 79' lang='lat'>267</span> <span class='ocrx_word' id='word_1_229' title='bbox 868 2628 906 2666; x_wconf 94' lang='lat' dir='ltr'>vs.</span> <span class='ocrx_word' id='word_1_230' title='bbox 923 2609 951 2665; x_wconf 90' lang='lat'>4.</span> 
     </span>
    </p>

    <p class='ocr_par' dir='ltr' id='par_1_7' title="bbox 135 2685 1042 2850">
     <span class='ocr_line' id='line_1_30' title="bbox 199 2685 1042 2769; baseline 0.009 -23"><span class='ocrx_word' id='word_1_231' title='bbox 199 2690 258 2748; x_wconf 87' lang='lat'>145</span> <span class='ocrx_word' id='word_1_232' title='bbox 274 2690 334 2746; x_wconf 81' lang='lat' dir='ltr'><strong>adn.</strong></span> <span class='ocrx_word' id='word_1_233' title='bbox 349 2708 387 2747; x_wconf 90' lang='lat' dir='ltr'>vs.</span> <span class='ocrx_word' id='word_1_234' title='bbox 403 2689 423 2744; x_wconf 93' lang='lat'>4</span> <span class='ocrx_word' id='word_1_235' title='bbox 439 2689 500 2765; x_wconf 84' lang='lat' dir='ltr'>lege</span> <span class='ocrx_word' id='word_1_236' title='bbox 516 2685 668 2765; x_wconf 86' lang='grc' dir='ltr'>ἑξήκοντα</span> <span class='ocrx_word' id='word_1_237' title='bbox 687 2686 850 2766; x_wconf 81' lang='grc' dir='ltr'>ἀςεάιρια</span> <span class='ocrx_word' id='word_1_238' title='bbox 870 2693 930 2769; x_wconf 86' lang='lat' dir='ltr'>(pro</span> <span class='ocrx_word' id='word_1_239' title='bbox 946 2687 1042 2767; x_wconf 79' lang='grc' dir='ltr'>δηνά-</span> 
     </span>
     <span class='ocr_line' id='line_1_31' title="bbox 135 2769 362 2850; baseline 0 -18"><span class='ocrx_word' id='word_1_240' title='bbox 135 2771 194 2850; x_wconf 81' lang='grc' dir='ltr'>ρια)</span> <span class='ocrx_word' id='word_1_241' title='bbox 211 2769 362 2850; x_wconf 85' lang='grc' dir='ltr'>ὑπῆρχεν.</span> 
     </span>
    </p>

    <p class='ocr_par' dir='ltr' id='par_1_8' title="bbox 198 2853 1043 2937">
     <span class='ocr_line' id='line_1_32' title="bbox 198 2853 1043 2937; baseline 0.005 -22"><span class='ocrx_word' id='word_1_242' title='bbox 198 2859 258 2916; x_wconf 79' lang='lat'>182</span> <span class='ocrx_word' id='word_1_243' title='bbox 270 2859 336 2916; x_wconf 83' lang='lat' dir='ltr'><strong>vs.5</strong></span> <span class='ocrx_word' id='word_1_244' title='bbox 352 2853 450 2919; x_wconf 85' lang='grc' dir='ltr'>ἄκενα</span> <span class='ocrx_word' id='word_1_245' title='bbox 464 2861 605 2917; x_wconf 85' lang='lat' dir='ltr'>delendum</span> <span class='ocrx_word' id='word_1_246' title='bbox 618 2855 784 2937; x_wconf 44' lang='lat' dir='ltr'><strong>essesscenset</strong></span> <span class='ocrx_word' id='word_1_247' title='bbox 795 2863 927 2919; x_wconf 82' lang='lat' dir='ltr'><strong>Christius</strong></span> <span class='ocrx_word' id='word_1_248' title='bbox 939 2863 1043 2936; x_wconf 88' lang='lat' dir='ltr'>p.451.</span> 
     </span>
    </p>
   </div>
   <div class='ocr_carea' id='block_1_5' title="bbox 133 2940 1044 3087">
    <p class='ocr_par' dir='ltr' id='par_1_9' title="bbox 133 2940 1044 3087">
     <span class='ocr_line' id='line_1_33' title="bbox 133 2940 1044 3021; baseline 0.007 -23"><span class='ocrx_word' id='word_1_249' title='bbox 133 2974 175 2985; x_wconf 90' lang='lat'><em>-</em></span> <span class='ocrx_word' id='word_1_250' title='bbox 186 2944 251 3000; x_wconf 81' lang='lat' dir='ltr'><strong>lhid.</strong></span> <span class='ocrx_word' id='word_1_251' title='bbox 267 2962 304 3000; x_wconf 91' lang='lat' dir='ltr'>vs.</span> <span class='ocrx_word' id='word_1_252' title='bbox 317 2945 355 3003; x_wconf 91' lang='lat'>13</span> <span class='ocrx_word' id='word_1_253' title='bbox 371 2946 450 3001; x_wconf 79' lang='lat' dir='ltr'>verba</span> <span class='ocrx_word' id='word_1_254' title='bbox 467 2940 516 3004; x_wconf 86' lang='grc' dir='ltr'>καὶ</span> <span class='ocrx_word' id='word_1_255' title='bbox 532 2940 744 3019; x_wconf 88' lang='grc' dir='ltr'>Φιλεταίρειοε</span> <span class='ocrx_word' id='word_1_256' title='bbox 760 2942 934 3021; x_wconf 89' lang='grc' dir='ltr'>λεγόμενος</span> <span class='ocrx_word' id='word_1_257' title='bbox 949 2966 1044 3021; x_wconf 85' lang='lat' dir='ltr'>suspe-</span> 
     </span>
     <span class='ocr_line' id='line_1_34' title="bbox 136 3028 520 3087; baseline 0.016 -4"><span class='ocrx_word' id='word_1_258' title='bbox 136 3036 177 3084; x_wconf 77' lang='lat' dir='ltr'>cta</span> <span class='ocrx_word' id='word_1_259' title='bbox 196 3028 321 3084; x_wconf 86' lang='lat' dir='ltr'>videntur</span> <span class='ocrx_word' id='word_1_260' title='bbox 336 3031 432 3087; x_wconf 84' lang='lat' dir='ltr'><strong>eidem.</strong></span> <span class='ocrx_word' id='word_1_261' title='bbox 516 3037 520 3043; x_wconf 89' lang='lat'>&#39;</span> 
     </span>
    </p>
   </div>
   <div class='ocr_carea' id='block_1_6' title="bbox 122 3276 1044 3618">
    <p class='ocr_par' dir='ltr' id='par_1_10' title="bbox 201 3276 668 3343">
     <span class='ocr_line' id='line_1_35' title="bbox 201 3276 668 3343; baseline 0.013 -16"><span class='ocrx_word' id='word_1_262' title='bbox 201 3277 228 3341; x_wconf 89' lang='grc'>3)</span> <span class='ocrx_word' id='word_1_263' title='bbox 247 3276 296 3329; x_wconf 84' lang='grc' dir='ltr'>ὅτε</span> <span class='ocrx_word' id='word_1_264' title='bbox 315 3279 384 3343; x_wconf 83' lang='grc' dir='ltr'>οοά.,</span> <span class='ocrx_word' id='word_1_265' title='bbox 401 3280 467 3331; x_wconf 82' lang='lat' dir='ltr'><strong>item</strong></span> <span class='ocrx_word' id='word_1_266' title='bbox 485 3296 546 3330; x_wconf 86' lang='lat' dir='ltr'>mox</span> <span class='ocrx_word' id='word_1_267' title='bbox 563 3278 612 3331; x_wconf 82' lang='grc' dir='ltr'>ὅτε</span> <span class='ocrx_word' id='word_1_268' title='bbox 630 3278 668 3333; x_wconf 81' lang='grc' dir='ltr'>δέ.</span> 
     </span>
    </p>

    <p class='ocr_par' dir='ltr' id='par_1_11' title="bbox 201 3342 432 3409">
     <span class='ocr_line' id='line_1_36' title="bbox 201 3342 432 3409; baseline 0.009 -15"><span class='ocrx_word' id='word_1_269' title='bbox 201 3344 229 3409; x_wconf 86' lang='grc'>4)</span> <span class='ocrx_word' id='word_1_270' title='bbox 247 3342 353 3396; x_wconf 80' lang='grc' dir='ltr'>δίκαιον</span> <span class='ocrx_word' id='word_1_271' title='bbox 372 3346 432 3396; x_wconf 84' lang='grc' dir='ltr'>οοιλ.</span> 
     </span>
    </p>

    <p class='ocr_par' dir='ltr' id='par_1_12' title="bbox 122 3413 1044 3618">
     <span class='ocr_line' id='line_1_37' title="bbox 202 3413 1043 3480; baseline 0.007 -18"><span class='ocrx_word' id='word_1_272' title='bbox 202 3413 230 3480; x_wconf 84' lang='grc'>5)</span> <span class='ocrx_word' id='word_1_273' title='bbox 247 3415 315 3465; x_wconf 83' lang='lat' dir='ltr'><strong>Post</strong></span> <span class='ocrx_word' id='word_1_274' title='bbox 332 3415 488 3476; x_wconf 82' lang='grc' dir='ltr'>μετροῦμεν</span> <span class='ocrx_word' id='word_1_275' title='bbox 506 3415 704 3465; x_wconf 85' lang='lat' dir='ltr'><strong>interciderunt</strong></span> <span class='ocrx_word' id='word_1_276' title='bbox 721 3415 850 3466; x_wconf 78' lang='lat' dir='ltr'><strong>nonnulla</strong></span> <span class='ocrx_word' id='word_1_277' title='bbox 869 3418 898 3466; x_wconf 88' lang='lat' dir='ltr'>in</span> <span class='ocrx_word' id='word_1_278' title='bbox 918 3418 1043 3468; x_wconf 83' lang='lat' dir='ltr'><strong>Gudiano</strong></span> 
     </span>
     <span class='ocr_line' id='line_1_38' title="bbox 135 3480 1044 3536; baseline 0.001 -3"><span class='ocrx_word' id='word_1_279' title='bbox 135 3481 240 3535; x_wconf 83' lang='grc' dir='ltr'>οοάὶοο.</span> <span class='ocrx_word' id='word_1_280' title='bbox 275 3480 461 3532; x_wconf 75' lang='lat' dir='ltr'>Friedleinius</span> <span class='ocrx_word' id='word_1_281' title='bbox 485 3498 518 3533; x_wconf 82' lang='lat' dir='ltr'>ex</span> <span class='ocrx_word' id='word_1_282' title='bbox 539 3484 699 3533; x_wconf 80' lang='lat' dir='ltr'>Monacensi</span> <span class='ocrx_word' id='word_1_283' title='bbox 727 3483 814 3533; x_wconf 81' lang='lat' dir='ltr'>addit:</span> <span class='ocrx_word' id='word_1_284' title='bbox 844 3483 889 3533; x_wconf 82' lang='grc' dir='ltr'>καὶ</span> <span class='ocrx_word' id='word_1_285' title='bbox 919 3485 1044 3536; x_wconf 82' lang='grc' dir='ltr'>καλεῖται</span> 
     </span>
     <span class='ocr_line' id='line_1_39' title="bbox 122 3547 622 3618; baseline 0.002 -17"><span class='ocrx_word' id='word_1_286' title='bbox 122 3549 199 3617; x_wconf 78' lang='grc' dir='ltr'>αὕτη</span> <span class='ocrx_word' id='word_1_287' title='bbox 218 3554 281 3607; x_wconf 80' lang='grc' dir='ltr'>τῶν</span> <span class='ocrx_word' id='word_1_288' title='bbox 298 3547 454 3618; x_wconf 82' lang='grc' dir='ltr'>ὑποβάλων</span> <span class='ocrx_word' id='word_1_289' title='bbox 472 3549 491 3615; x_wconf 87' lang='grc' dir='ltr'>ἡ</span> <span class='ocrx_word' id='word_1_290' title='bbox 512 3548 622 3618; x_wconf 83' lang='grc' dir='ltr'>ὁργιιιά.</span> 
     </span>
    </p>
   </div>
   <div class='ocr_carea' id='block_1_7' title="bbox 0 0 1196 3930">
    <p class='ocr_par' dir='ltr' id='par_1_13' title="bbox 0 0 1196 3930">
     <span class='ocr_line' id='line_1_40' title="bbox 0 0 1196 3930; baseline 0 0"><span class='ocrx_word' id='word_1_291' title='bbox 0 0 1196 3930; x_wconf 95' lang='lat' dir='ltr'> </span> 
     </span>
    </p>
   </div>
  </div>
 </body>
</html>
