2378 3930
791 89 807 125 Κ

162 184 210 257 30,
478 192 714 247 euonnoounus
736 204 771 247 ιιι
827 173 846 231 -’

162 346 234 401 ιιιιιιι
255 358 310 398 non
332 342 421 399 solum
441 340 616 399 duodenariis
633 338 776 415 partibus,
793 348 824 398 ut
838 339 921 415 vulgo
935 338 995 399 fieri
1010 340 1082 399 sole·

163 422 258 501 haist),
277 426 324 485 scd
341 426 500 484 continuata
516 425 585 483 assis
601 423 795 482 distributione
810 426 925 483 eundem
941 441 1030 500 usque
1049 426 1081 483 ad

164 509 312 586 scripulum
328 510 418 568 dividi
444 508 518 577 Quae
532 510 680 605 descriptio
696 526 761 567 num
776 508 904 584 vulgari
897 528 924 567 m
940 526 994 569 usu
1009 510 1081 585 apud

144 596 301 653 'Romanos
317 595 437 652 medicos
453 594 536 651 inerit
543 608 619 668 ‚ego
629 582 680 652 hie
694 594 846 668 disquirere
862 594 942 651 nolo·
958 597 1025 652 satis
1040 604 1088 652 est.

163 681 366 737 demonstrasse
385 695 444 736 eam
466 678 598 734 diversam
624 695 684 736 esse
703 695 718 736 a
738 678 819 736 bonis
840 679 896 735 illis
921 679 1082 737 auctoribus

164 766 210 839 qui
229 763 345 822 Graecas
363 763 484 835 tabulas,
506 763 616 821 sedeas
634 763 709 838 ipsas
725 763 840 821 maxime
855 763 1062 821 Romanorum
1054 781 1082 820 m

162 864 258 921 usum,
277 855 501 922 composuerunt.

225 932 372 1007 Postquam
387 940 470 1007 poeta
486 932 519 988 de
534 933 576 989 his
591 933 709 989 minimis
725 933 834 989 sextarii
850 932 975 1006 partibus
992 931 1082 989 absol·

162 1019 218 1088 vit,
235 1025 294 1074 tres
307 1033 449 1074 mensuras
465 1017 594 1091 amphora
610 1019 727 1074 maiores
742 1017 875 1091 adiungit,
891 1018 1009 1073 Atticum
1026 1033 1081 1073 me·

164 1110 276 1181 troiam,
300 1102 461 1176 quemipse
483 1102 600 1159 Atticam
621 1103 777 1176 amphoram
801 1103 857 1158 sive
884 1101 980 1158 cadum
1004 1101 1080 1174 dicit,

164 1194 220 1242 tum
241 1186 376 1259 culleum,
396 1186 538 1244 maximam
559 1186 743 1243 Romanorum
765 1201 935 1255 mensuram,
963 1185 1090 1265 denique·

163 1271 282 1327 artabam
297 1271 458 1346 Aegyptiam
473 1269 546 1326 iliam
565 1287 646 1345 quam
662 1271 783 1344 scriptor
802 1264 874 1343 περὶ
889 1265 1015 1343 μέτρων
1034 1272 1082 1327 tri·

162 1355 214 1412 bus
228 1355 328 1413 modiis
343 1372 404 1414 cum
425 1356 526 1411 triente
545 1354 641 1411 definit
660 1354 680 1428 (i
696 1371 724 1428 p.
740 1354 780 1412 62
797 1372 819 1410 s.
839 1354 919 1426 258,
935 1353 1001 1426 20);
1030 1370 1081 1412 nec

163 1437 243 1496 aliter
258 1439 303 1497 hic
317 1446 413 1514 poeta:
438 1440 560 1496 artabae
574 1441 666 1496 modii
680 1447 811 1513 superest
822 1456 897 1513 pers
912 1445 1003 1496 tertio
1016 1448 1082 1512 post

164 1533 224 1580 tres
238 1523 355 1596 (modios
371 1519 495 1599 scilicet).

204 1610 294 1665 ‚Tum
309 1609 422 1683 perinde
437 1617 520 1681 atque
537 1611 565 1664 iu
581 1608 690 1666 Graecis
711 1606 811 1665 tabuiis
830 1607 972 1684 plerisque
989 1610 1082 1683 sequi-

165 1703 210 1749 tur
234 1695 401 1766 comparatio
422 1693 552 1766 ponderis
577 1694 714 1749 variorum
740 1692 878 1767 liquorum
900 1688 947 1765 (vs.
966 1693 1004 1750 91
1023 1692 1081 1766 ss).

162 1777 213 1834 Ubi
228 1777 350 1833 videmus
363 1783 474 1851 poetam
487 1792 545 1834 eam
560 1778 693 1834 rationem
709 1785 833 1835 secutum
850 1794 911 1834 esse
926 1793 1006 1852 quam
1022 1777 1082 1833 (tri-

163 1861 256 1918 basius
272 1870 300 1918 et
317 1861 487 1918 dioscorides
505 1862 675 1919 tradiderunt
692 1859 727 1937 (p.
743 1861 813 1920 101.
832 1861 903 1933 224,
917 1862 945 1919 7.
961 1860 1024 1919 240
1037 1860 1080 1934 s),

164 1964 218 2021 qua
239 1946 346 2021 quidem
367 1963 453 2019 aquae
470 1946 510 2003 vel
532 1949 586 2003 vini
609 1948 742 2003 sextarius
757 1946 840 2003 habet
856 1948 948 2003 uncias
965 1946 1009 2001 XX
1025 1946 1081 2002 sive

163 2031 258 2087 libram
281 2047 342 2088 cum
370 2030 466 2102 besse,
496 2031 549 2088 olei
576 2032 670 2089 uncias
692 2031 770 2086 XVlil
796 2033 852 2088 sive
878 2030 1081 2105 sesquilibram,

162 2115 250 2172 meliis
267 2118 359 2173 uncias
372 2116 439 2171 XXX
455 2116 510 2173 sive
533 2117 617 2173 libras
637 2116 695 2174 115.
725 2115 877 2172 Prudenter
893 2124 983 2172 autem
999 2123 1082 2189 poeta

162 2200 235 2255 addit
250 2216 305 2256 non
320 2200 400 2273 piane
418 2200 486 2256 idem
502 2217 562 2257 esse
579 2217 663 2274 aquae
682 2201 772 2256 etvini
785 2201 904 2275 pondus,
921 2200 966 2256 sed
980 2199 1080 2257 multas

163 2299 224 2340 esse
238 2299 289 2356 pro
306 2281 465 2356 regionibus
486 2284 665 2359 locorumque
682 2293 777 2341 natura
793 2285 969 2342 differentias.
1003 2282 1080 2352 Quod

162 2375 352 2440 argumentum
374 2375 406 2423 ut
428 2369 545 2442 primum
564 2369 671 2442 attigit,
696 2369 727 2425 ad
749 2369 873 2426 latiorem
896 2371 956 2426 eius
977 2371 1018 2425 rei
1036 2368 1081 2424 de·

162 2453 388 2508 monstrationem
410 2468 440 2508 se
462 2456 597 2509 convertit
620 2471 759 2528 porroque
781 2455 813 2510 ad
836 2453 886 2510 alia
909 2453 1080 2527 perducitur,

163 2551 231 2610 quae
253 2552 314 2592 cum
335 2534 417 2610 plane
439 2538 595 2610 pertincant
616 2539 649 2595 ad
668 2539 818 2595 doctrinam
849 2538 1005 2612 physicam,
1027 2538 1081 2594 hoc

162 2621 226 2677 ioco
239 2619 367 2694 explicari
382 2637 440 2677 ιιοιι
448 2631 581 2720 possunt,
599 2623 645 2679 sed
656 2623 775 2680 breuiter
791 2631 878 2678 tamen
896 2638 1079 2693 commempro

162 2707 240 2761 istam
259 2704 371 2761 aiteram
388 2707 513 2763 carminis
529 2715 634 2781 partem
656 2725 686 2764 ea
703 2707 816 2763 maxime
831 2708 863 2763 de
881 2694 945 2764 caus
948 2724 963 2763 a
979 2723 1080 2763 memo·

162 2788 274 2845 rabilem
290 2807 351 2846 esse
358 2792 456 2865 ,quod
474 2792 553 2863 inde,
576 2800 708 2866 quantum
724 2791 835 2849 Rormani
855 2791 976 2848 ιιιιιιΙιιι
968 2808 995 2846 ιιι
1011 2792 1081 2866 phy-

164 2874 226 2930 sicis
243 2875 445 2947 processerint,
461 2877 591 2950 cognosci
606 2884 709 2950 potest.

225 2959 368 3015 Postremo
392 2969 479 3018 restat
504 2969 535 3018 ut
559 2962 592 3017 de
611 2968 700 3017 aetate
721 2961 803 3017 huius
825 2961 897 3018 docti
927 2969 1027 3035 poetae
1048 2977 1079 3016 ea

163 3052 319 3117 repetamus
336 3060 405 3118 quae
422 3045 583 3102 Scirenbeiio
600 3054 626 3102 et
643 3045 761 3102 Christio
784 3048 841 3102 visa
858 3055 938 3116 sunt,
963 3061 1080 3119 quorum

163 3126 231 3183 aiter
253 3129 363 3185 saeculo
387 3139 485 3204 quarto
507 3139 621 3187 exeunte
647 3129 689 3187 rel
710 3132 806 3204 quinto
834 3130 945 3186 ineunte
971 3145 1080 3187 carmen

163 3212 295 3287 scriptum
318 3231 379 3272 esse
402 3217 535 3287 coniecit,
562 3214 632 3271 aiter
658 3216 726 3271 idem
751 3215 784 3272 ad
809 3216 919 3271 tertium
942 3212 1080 3270 saeculum

162 3296 377 3372 diocletiauique
407 3308 530 3386 tempora
565 3295 753 3377 resocavit¹⁴).
803 3304 841 3356 Ac
871 3299 936 3354 mihi
970 3297 1079 3370 quidem

161 3396 364 3405 -—-——.—

231 3428 274 3494 13)
293 3430 363 3479 Vide
380 3435 503 3480 nostram
521 3431 712 3497 metrologiam
731 3447 757 3495 p.
777 3432 819 3482 92.

136 3560 196 3608 XX
205 3495 511 3626 Ρ14ᾀξοιιη1ιιιιιιει
533 3514 555 3552 ιι.
574 3516 600 3568 p.
621 3501 667 3567 60,
691 3498 881 3551 Christiusm
902 3496 974 3546 Mus
991 3496 1080 3547 Rhen
