2378 3930
327 181 528 227 senreronns
543 184 706 229 nouenos.
931 166 975 233 -19

58 326 64 333 “
121 318 195 377 llaec
212 336 243 376 ea
259 321 373 377 maxime
390 320 425 377 de
440 337 521 378 causa
536 320 619 377 latius
634 324 765 396 exposui,
784 330 817 380 ut
831 326 898 381 viam
913 340 974 381 mu·

54 406 144 461 nirem
166 404 200 461 ad
219 404 324 479 reliqua
349 404 575 478 demonstranda,
598 421 667 480 quae
688 405 775 463 multo
796 416 861 466 sunt
876 407 972 467 diffici-

52 488 133 545 liora.
178 487 251 563 Ergo
273 497 304 546 ut
325 489 418 546 eadem
439 506 509 564 quae
532 491 623 547 statim
644 490 699 546 diui
718 493 814 565 paucis
835 502 971 568 repetam:

55 571 183 630 solebant
199 575 407 631 ratiocinatores
423 574 535 631 Romani
551 574 638 632 altero
652 582 719 649 post
733 575 793 632 Chr.
806 593 832 632 n.
850 578 970 650 saeculo,

55 674 116 714 cum
141 657 173 713 ad
199 657 339 714 denarium
362 660 432 715 ratio
455 657 552 729 fiebat,
577 658 703 733 singulos
724 677 799 717 asses
819 661 971 719 monetales

52 741 179 817 'redigere
199 742 233 798 ad
253 751 347 817 partes
368 743 470 800 denarii
485 738 537 817 pro'
552 759 613 799 asse
629 747 788 819 computati.
818 745 905 803 Nullis
924 763 971 804 au·

52 834 109 882 tem
129 828 158 883 in
181 844 211 883 ea
233 845 263 884 re
282 829 400 901 partium
423 827 651 902 appellationibus
672 830 802 903 notisque
822 829 971 889 utebantur

52 913 108 967 nisi
121 911 280 987 vulgaribus
295 929 327 968 ac
341 911 481 985 legitimis,
494 913 585 982 uncia,
602 915 750 985 semuncia,
767 913 885 981 sicilico;
902 933 970 990 quas

51 1004 145 1070 partes
165 997 197 1053 ad
219 997 360 1053 denarium
380 996 545 1054 revocandas
565 1013 627 1054 esse
647 997 836 1073 significabant
851 999 969 1073 praefixa

52 1088 117 1137 nota
134 1082 167 1136 li.
198 1083 280 1156 Atqui
303 1082 407 1138 diversa
429 1081 510 1156 plane
531 1098 546 1137 a
568 1081 672 1156 vulgari
693 1084 763 1140 assis
784 1083 917 1162 divisione
937 1101 969 1141 ea

52 1168 123 1222 ratio
146 1166 199 1223 luit
221 1183 301 1241 quam
323 1167 518 1222 sestertiariam
539 1166 606 1222 dicit
626 1167 779 1225 blaecianus
801 1166 968 1242 (eo-73).

52 1249 81 1306 ln
97 1251 148 1308 bac
163 1258 239 1307 erant
254 1259 364 1325 praeter
379 1252 536 1324 semissem,
556 1254 591 1324 S,
607 1260 699 1325 partes
716 1253 835 1309 sestertii

204 1361 307 1418 decima
323 1360 378 1416 sive
394 1361 485 1417 libelle
501 1392 527 1403 -

205 1447 331 1503 vicesima
347 1447 403 1502 sive
419 1441 554 1520 singula⁵l
570 1449 590 1500 Σ

205 1531 413 1606 quadragesima
430 1532 486 1587 sive
503 1533 641 1588 teruncius
655 1532 689 1586 Τ.

49 1638 106 1696 Hae
120 1658 175 1698 nou
192 1643 304 1716 proprie
320 1649 384 1698 sunt
399 1640 551 1713 Romanae,
567 1641 615 1698 sed
632 1641 765 1715 repetitae
780 1641 842 1697 illae
858 1642 966 1716 quidem

51 1743 83 1781 en
95 1725 247 1783 Siculorum
264 1743 326 1798 usu,
343 1741 459 1800 quorum
475 1733 622 1800 argenteus
638 1741 764 1781 nummus
780 1725 832 1781 init
845 1725 967 1783 didrach-
995 1728 997 1733 '

48 1827 123 1867 mum
141 1812 232 1867 Attico
246 1810 383 1885 pondere,
406 1809 502 1866 babuit
518 1818 609 1867 autem
627 1809 710 1866 denas
725 1810 802 1866 litras
818 1811 875 1867 sive
890 1811 966 1867 libel-

49 1895 106 1964 las,
132 1912 164 1951 ae
187 1896 264 1951 litrae
292 1894 488 1951 conveniebant
513 1894 576 1950 bina
600 1887 744 1966 ἡμίλιτρα
769 1894 811 1949 vel
841 1899 966 1968 quaterni

48 1975 208 2051 τριᾶντεε,
233 1996 302 2052 quae
322 1986 415 2051 partes
433 1978 516 2033 latine
534 1977 685 2051 appellatae
709 1985 773 2032 sunt
793 1977 920 2039 sembella
938 1987 966 2035 et

50 2065 201 2119 teruncius.

113 2147 186 2202 Haec
207 2146 294 2202 omnis
314 2146 385 2202 ratio
408 2147 502 2219 quanti
518 2145 650 2202 momenti
666 2146 702 2200 sit
717 2144 750 2200 ad
767 2144 908 2201 historiam
924 2149 964 2203 rei

47 2232 217 2288 nummariae
237 2230 421 2287 Romanorum
445 2230 648 2301 illustrandam,
675 2245 731 2285 non
754 2246 825 2303 epus
848 2239 890 2287 est
912 2231 964 2288 boe

47 2317 110 2372 loeo
127 2331 249 2385 monere,
267 2321 413 2389 postquam
428 2315 610 2372 Mommsenus
627 2316 767 2389 copiosius
784 2314 816 2370 de
831 2331 864 2371 eo
882 2332 963 2390 argu·

47 2408 140 2457 mento
156 2395 321 2470 disserendi).
358 2398 409 2456 Sed
426 2399 544 2457 id-nunc
556 2401 678 2475 agimus,
694 2407 726 2455 ut
739 2399 867 2455 llaeeiani
883 2399 962 2457 verba

47 2485 222 2559 explicemus.
252 2483 302 2553 our
317 2485 368 2541 bac
383 2485 551 2542 sestertiaria
566 2487 672 2541 ratione
686 2485 728 2541 uti
744 2485 839 2541 scribit
853 2485 963 2541 ratioci-

47 2577 175 2641 natores,
201 2576 232 2626 ut
252 2586 373 2626 summae
395 2572 585 2627 sestertiorum
613 2571 706 2626 statim
731 2568 829 2624 addere
855 2569 964 2643 possint

17 2702 20 2707 .
47 2663 222 2711 excurrentes
244 2671 318 2711 asses
337 2662 365 2711 et
385 2656 529 2726 semisses,
554 2654 607 2710 boc
624 2661 665 2710 est
681 2660 829 2727 quaternas
844 2659 872 2708 et
887 2660 962 2709 octo·
983 2687 986 2693 ·

46 2756 95 2794 nas
116 2739 236 2795 sestertii
257 2747 358 2812 partes.
387 2739 458 2795 lnira
481 2746 570 2795 autern
587 2740 727 2794 semissem
744 2752 799 2792 non
817 2735 962 2794 descende-

46 2822 126 2891 bant;
153 2840 214 2878 nam
232 2826 283 2879 etsi
301 2823 464 2897 quadrantes
482 2825 552 2879 aeris
569 2825 708 2878 etiamtum
724 2821 810 2877 luisse
825 2820 961 2891 videntur,

46 2909 69 2962 is
87 2915 174 2964 tamen
191 2909 347 2963 nummulus
365 2908 455 2964 minor
475 2915 550 2980 erat,
575 2922 655 2980 quam
676 2914 708 2961 ut
723 2907 749 2962 in
765 2921 863 2979 magno
878 2922 960 2980 pecu·

46 3157 199 3209 Gronovius
223 3158 257 3206 de
275 3159 340 3206 sesi.
362 3171 388 3220 p.
407 3156 543 3206 eoo—414
566 3154 726 3216 (Amstelod.
746 3152 832 3219 1656).
867 3154 961 3221 Nuper

46 3227 162 3276 eandem
181 3241 238 3275 rem
258 3222 353 3288 attigit
370 3222 539 3288 Marquerdt.
562 3224 634 3273 Rom.
653 3222 763 3274 Altertb.
782 3222 806 3272 V
823 3238 850 3287 p.
870 3224 918 3273 102
937 3237 958 3274 s.

113 3310 137 3373 5)
158 3307 337 3373 Singulam
350 3305 515 3358 Maecianus
534 3306 658 3372 appellat
671 3323 740 3372 quae
753 3305 870 3358 Varroni
888 3306 922 3356 de
940 3306 959 3355 l.

43 3377 76 3426 L.
90 3379 114 3437 5,
129 3380 185 3428 174.
200 3380 240 3439 10,
248 3377 281 3426 38
300 3378 342 3424 esi
360 3374 535 3427 sembella.
561 3375 710 3440 Utriusque
731 3376 805 3426 vocis
825 3374 959 3440 originem

45 3445 168 3509 explieat
184 3445 344 3495 Mommsen.
366 3442 394 3492 (i.
414 3443 445 3495 Il.
465 3443 504 3497 M.
523 3459 550 3510 p.
570 3444 619 3494 199
636 3443 700 3493 adu.
719 3444 763 3494 85.

105 3527 465 3594 mnnmpmma

820 3614 872 3678 <2ss

439 3794 450 3835 i
