2378 3930
45 209 138 266 XVIII
351 208 520 265 EDITORIS
538 208 753 266 PRAEFATIO.
820 150 832 173 ο

50 355 189 420 lantium
212 355 248 420 in
270 356 416 440 margine
439 355 538 419 maris
562 356 659 439 pedes
682 356 717 420 in
741 355 802 419 hac
823 356 896 439 ipsa
920 358 1070 442 margine

51 446 172 510 tinctos
201 465 272 508 esse
296 443 373 527 quid
401 443 464 508 dici
492 443 646 508 attinuit?
684 447 758 528 apte
786 450 1069 528 commemoratur,

51 532 237 617 tranquille
255 531 498 616 progredientes
526 531 607 615 ipsis
634 533 701 598 illis
730 533 879 616 aequoris
903 533 968 598 huc
993 534 1068 599 illuc

52 620 178 706 placide
210 621 334 685 ruentis
367 620 570 686 anfractibus
599 642 695 705 saepe
723 621 960 686 circumuentos
990 643 1068 686 esse,

52 709 135 774 unde
154 710 227 794 lego
241 708 288 773 ‘in
306 709 378 794 ipso
398 710 547 794 aequoris
565 707 709 774 fiumine'
725 710 793 774 siue
811 710 921 792 potius
940 709 1066 775 ‘limite'

52 795 130 883 (boc
153 801 203 862 est
225 799 293 880 uia,
321 793 462 883 itinere).
503 797 639 882 denique
668 798 702 862 in
729 797 796 862 illis
823 800 906 880 quod
927 848 934 863 .
954 848 962 864 .
983 847 991 865 .
1013 800 1065 865 ud·

45 887 175 969 pulsam
192 887 307 952 aestus
319 886 448 968 pedatus
463 887 622 952 adluderet
637 886 750 968 fluctus
764 908 784 950 a
797 886 893 952 certis
909 887 1066 972 exemplis

51 973 172 1040 Catulli
201 974 257 1058 64,
285 974 326 1039 67
356 979 388 1039 et
416 972 513 1039 Statii
540 974 642 1039 Theb.
669 974 717 1039 IX
746 975 812 1040 336
841 976 890 1039 ita
918 979 969 1041 est
997 998 1066 1060 pro-

52 1062 275 1147 ficiscendum,
303 1067 340 1128 ut
363 1063 469 1138 ‘mare
493 1063 629 1147 pedibus
653 1062 737 1147 (siue
761 1061 890 1147 ‘pedes'
915 1065 986 1129 siue
1011 1064 1065 1130 ‘ad

50 1149 176 1237 pedes')
196 1149 340 1236 adludit',
363 1173 429 1217 non
452 1150 624 1216 transitiue
643 1150 780 1216 ‘adludit
802 1151 948 1217 fluctum'
966 1153 1065 1218 latine

51 1239 116 1304 dici
131 1241 264 1305 ciamus.
287 1240 441 1304 nimirum
456 1238 650 1324 ‘adpulsum’
665 1261 725 1325 pro
740 1238 920 1324 ‘adpulsus’
935 1243 1064 1326 scripsit

51 1328 202 1392 librarius
222 1326 331 1412 ‘quod'
350 1349 409 1411 pro
432 1329 625 1413 pronomine
647 1329 796 1410 relatiuo‚
818 1350 884 1394 non
907 1352 968 1413 pro
993 1352 1062 1396 con·

51 1416 215 1480 iunctione
239 1415 409 1500 accipiens.
441 1417 557 1483 fluctus
577 1421 683 1482 autem
704 1421 762 1482 aut
779 1416 992 1484 ‘resorbetur'
1011 1423 1064 1484 aut

50 1504 96 1569 ‘se
120 1502 293 1589 resorbet',
316 1505 400 1570 unde
423 1504 472 1570 ‘in
497 1504 578 1570 sese'
603 1505 810 1571 diuidendum
829 1528 900 1571 esse
920 1513 1063 1592 apparet,

51 1597 88 1657 ut
111 1594 228 1658 euadat
252 1591 431 1658 ‘retrahens
454 1594 490 1657 in
514 1592 560 1658 se'
584 1597 618 1658 et
640 1593 687 1660 ‘se
709 1593 913 1660 resorberet'.

117 1703 142 1748 c.
165 1683 200 1766 3,
225 1682 245 1747 6
274 1687 310 1748 at
335 1683 417 1749 illud
441 1683 579 1748 iaculum
600 1684 651 1749 ael
677 1684 803 1750 dorsum
824 1685 1065 1751 macerarere

49 1771 99 1836 uel
120 1776 271 1855 enataret,
298 1773 372 1837 dam
395 1772 457 1836 leui
479 1773 595 1855 impetu
618 1771 741 1856 labitur,
764 1773 814 1838 uel
836 1774 969 1840 mmmis
990 1774 1063 1856 fiae

51 1859 131 1925 tabas
154 1860 251 1925 tensis
272 1860 414 1926 emicaret
435 1865 606 1945 emerperet,
628 1862 704 1926 dum
720 1862 844 1927 assiduo
862 1861 946 1928 saltu
968 1863 1063 1929 suble·

49 1953 154 2014 uatcrr.
193 1947 346 2014 tondendi
370 1949 505 2013 uerbum
528 1949 663 2013 radendi
686 1949 925 2034 significatione
944 1952 1003 2035 uti,
1027 1974 1062 2016 ex

49 2041 163 2102 nostro
182 2037 254 2103 loco
274 2038 343 2103 solo
364 2042 496 2102 sumunt
518 2038 776 2121 inprobabiliter,
800 2038 958 2122 siquidem
979 2044 1063 2104 testa

50 2126 136 2190 redIt
151 2125 282 2190 dorsum
299 2127 398 2191 maris
417 2126 517 2211 plani,
535 2126 592 2190 sed
612 2147 685 2190 eum
704 2127 854 2192 fluctibus
870 2149 1062 2193 concurrens

50 2214 97 2278 ita
131 2214 304 2279 conliditur
335 2219 372 2279 ut
404 2215 522 2279 exiliat.
564 2237 677 2280 uerum
708 2215 810 2299 igitur
843 2219 893 2279 est
920 2215 1063 2282 ‘tunsis’.

49 2304 106 2366 illa
130 2307 238 2366 autem
263 2303 439 2387 quaestio,
454 2303 540 2368 sitne
563 2307 630 2368 tam
654 2303 723 2367 ‘uel
747 2302 908 2368 enataret'
933 2309 1063 2370 auctore

49 2390 209 2454 Bursiano
234 2412 330 2473 quam
350 2390 552 2476 ‘emergeret’
572 2414 644 2457 cum
659 2392 810 2456 Wowero
830 2393 923 2457 obelo
947 2399 1062 2458 notan·

49 2480 137 2556 dum,
170 2499 235 2542 non
264 2478 311 2542 ita
339 2479 480 2543 difficilis
509 2484 557 2543 est
585 2481 625 2544 ad
655 2480 855 2545 soluendum.
896 2503 974 2546 nam
1003 2483 1063 2546 etsi

48 2588 160 2631 uerum
179 2571 238 2652 est,
261 2569 419 2651 asyndeto
438 2568 610 2632 bimembri
632 2591 697 2634 non
718 2570 765 2633 uti
784 2568 970 2654 Minucium,
995 2593 1063 2636 sen-

47 2656 151 2720 tentia
174 2661 284 2721 tamen
308 2656 361 2721 hic
384 2657 499 2721 uitium
522 2657 632 2740 potius
657 2680 753 2741 quam
772 2658 971 2743 glossemata
992 2660 1064 2725 sub·

48 2766 118 2807 esse
137 2746 312 2810 clarissime
332 2745 445 2830 aperit.
473 2747 591 2811 emicat
610 2747 696 2810 enim
715 2750 802 2810 testa
818 2768 891 2811 cum
909 2747 1063 2812 fiuctibus

49 2832 232 2897 conflictata
264 2835 488 2900 tantummodo
517 2835 631 2918 semel,
659 2839 696 2899 ut
722 2840 809 2900 recte
838 2835 967 2920 quidem
997 2859 1063 2902 non

47 2921 191 3003 potuerit
217 2924 309 3007 pergi
338 2924 403 2988 uisi
435 2924 482 2988 ita
511 2923 556 2988 ‘et
583 2945 680 3007 porro
710 2923 842 2999 adsiduo
872 2926 958 2989 saltu
988 2928 1064 2990 sub·

47 3008 230 3073 leuaretur'.
272 3033 343 3076 eum
372 3013 471 3097 igitur
499 3012 697 3077 desideretur
728 3014 869 3077 medium
900 3014 1063 3098 quoddam

47 3097 222 3181 uinculum,
245 3099 279 3162 iu
302 3122 382 3164 uoce
406 3100 606 3186 ‘emergeret’
631 3102 773 3165 litteram
791 3101 827 3166 M
845 3123 884 3165 ex
906 3102 962 3165 TP
986 3125 1062 3168 con·

47 3188 157 3250 flatam
187 3207 257 3250 esse
287 3209 410 3254 censeo.
452 3191 537 3254 unde
565 3194 699 3273 propter
726 3190 758 3254 id
786 3191 872 3276 quod
899 3190 1062 3257 Minucius

48 3276 193 3360 sequitur
221 3278 460 3359 aequabilitatis
490 3278 632 3343 studium
655 3299 757 3361 neque
782 3281 869 3361 prius
894 3279 963 3344 ‘uel
988 3303 1061 3346 ena·

47 3364 147 3429 taret'
173 3363 256 3429 abici
283 3365 389 3446 debet,
419 3368 504 3450 quod
528 3366 743 3432 Dombartum
770 3372 911 3450 secutus,
935 3370 990 3453 qui
1015 3369 1060 3434 ‘et

43 3454 137 3518 uelut
157 3452 303 3520 nataret'
327 3454 486 3540 uoluerat,
509 3477 623 3519 sanare
647 3456 764 3519 studui.

99 3567 125 3611 e.
157 3548 192 3635 4,
220 3547 243 3616 3
273 3568 339 3636 qua
365 3546 402 3614 ia
431 3551 458 3613 te
487 3547 629 3612 {recreatus
658 3543 837 3620 obiterquutt
861 3543 1074 3616 ueqlsqent'sue.
