2378 3930
411 226 591 283 OCTAVIUS
611 244 633 283 e.
654 231 697 282 23.
717 232 759 280 24.
1052 225 1093 290 37

84 375 176 438 muta
193 371 385 437 naturaliter
404 370 561 436 iudicanti
585 393 691 437 mures
711 371 900 439 hirundines
919 371 1012 436 milui
1030 393 1095 437 non

85 462 204 525 sentire
228 481 283 527 eos
308 460 425 525 sciunt:
453 460 572 525 rodunt
595 461 760 525 inculcant
787 459 931 525 insident
954 482 1005 544 ae,
1032 461 1096 526 nisi

84 549 235 634 abigatis,
252 549 286 613 in
305 549 377 633 ipso
397 548 448 612 dei
466 547 567 614 uestri
587 570 641 614 ore
660 547 841 634 nidificant3
864 570 1000 614 araneae
1018 570 1096 615 uero

84 637 200 703 faciem
224 639 291 702 eius
314 637 465 702 intexunt
484 640 518 701 et
535 638 574 701 de
592 637 665 722 ipso
684 637 790 720 eapite
811 659 871 702 sua
888 637 944 701 fila
963 659 1096 721 suspen-

57 726 174 794 sdunt.
216 748 276 791 uos
308 725 442 810 tergetis
474 725 638 791 mundatis
672 725 804 793 eraditis
835 729 867 791 et
894 726 982 810 illos,
1014 743 1132 809 quosa

84 815 191 880 facitis
211 819 245 879 et
262 814 446 898 protegitis,
466 814 597 896 timetis,
616 814 693 879 dum
711 814 932 898 unusquisque
950 817 1096 879 uestrum

85 924 151 968 non
175 903 299 987 cogitat
320 903 412 986 prius
436 924 470 966 se
494 902 609 968 debere
633 904 728 968 deum
750 924 847 968 nosse
866 924 963 986 quam
983 903 1097 985 colere,

85 990 161 1056 dum
180 991 362 1056 inconsulte
381 991 526 1075 gestiunt
543 992 733 1076 parentibus
751 991 912 1075 oboedire,
931 991 1007 1056 dum
1026 990 1097 1055 fieri

85 1081 211 1144 malunt
235 1079 333 1144 alieni
356 1080 474 1145 erroris
498 1081 640 1145 accessio
660 1102 758 1164 quarn
777 1080 840 1145 sibi
859 1079 997 1164 credere,
1020 1079 1097 1145 dum

44 1196 71 1235 10
85 1167 168 1232 nihil
201 1189 239 1232 cx
272 1167 325 1232 his
362 1189 444 1252 quae
480 1168 599 1234 timent
635 1172 765 1233 norunt.
809 1169 857 1233 sic
888 1169 922 1234 in
954 1190 1033 1233 auro
1066 1171 1099 1232 et

86 1260 221 1340 argento
239 1255 379 1321 auaritia
397 1261 586 1322 consecrata
605 1260 664 1341 est,
684 1256 731 1322 sic
750 1259 933 1324 statuarum
952 1256 1098 1322 inanium

85 1345 278 1430 consignata
301 1345 415 1430 forma,
442 1346 487 1410 sic
510 1350 590 1411 nata
613 1344 762 1411 Romana
785 1345 984 1429 superstitio,
1021 1367 1099 1430 quo·

85 1456 156 1497 rum
184 1434 267 1497 ritus
296 1433 323 1497 si
350 1454 552 1517 percenseas,
580 1433 713 1498 ridenda
736 1456 833 1519 quam
859 1436 976 1519 multa,
1003 1453 1100 1516 quum

85 1523 185 1586 multu
208 1521 307 1586 etiam
330 1522 511 1586 miseranda
529 1523 618 1587 sunt!
642 1523 721 1586 nudi
739 1522 837 1588 cruda
855 1522 961 1587 hieme
980 1523 1098 1588 discur-
1117 1537 1134 1586 a

46 1636 72 1677 15
86 1613 173 1693 runt,
196 1608 252 1674 alii
275 1608 426 1673 incedunt
447 1609 586 1692 pilleati,
609 1613 702 1674 acuta
724 1612 836 1675 uetera
859 1610 1100 1694 circumferunt,

86 1698 190 1782 pelles
209 1696 355 1780 caedunt,
374 1698 592 1762 mendicantes
610 1697 744 1763 uicatim
759 1696 836 1763 deos
851 1697 986 1781 ducunt3
1005 1720 1100 1782 quae·

87 1787 162 1853 dam
190 1786 267 1851 iana
295 1785 395 1849 semel
424 1807 509 1851 anno
534 1785 621 1850 adire
646 1785 856 1870 permittunt,
884 1786 1040 1869 quaedam
1065 1787 1101 1850 in

86 1879 192 1939 totum
216 1873 308 1938 nefas
332 1873 451 1957 uisere3
477 1878 527 1939 est
550 1897 613 1959 quo
637 1875 709 1940 uiro
732 1896 800 1951 non
822 1875 900 1940 licet
922 1876 998 1959 itus,
1020 1896 1100 1940 non·

87 1964 178 2028 nulla
202 1963 322 2047 absque
346 1962 476 2028 feminis
501 1985 593 2028 sacra
617 1968 705 2045 sunt,
729 1963 828 2028 etiam
853 1984 946 2028 seruo
970 1961 1101 2047 quibus·

48 2079 75 2119 ao
90 2037 164 2117 ‹lanr
187 2050 392 2116 caerimoniis
415 2051 571 2116 interesse
590 2051 754 2135 piaculare
772 2051 933 2137 flagitium
952 2055 1014 2134 est3
1038 2052 1101 2115 alia

89 2162 181 2206 sacra
208 2142 345 2205 coronat
366 2138 508 2224 uniuira,
538 2141 601 2205 alia
624 2139 807 2225 multiuira,
834 2142 867 2204 et
888 2161 1008 2224 magna
1030 2140 1102 2203 reli-

91 2228 187 2314 gione
220 2227 421 2314 conquiritur
454 2250 536 2313 quae
565 2229 661 2313 plura
690 2228 795 2312 possit
822 2228 980 2293 adulteria
1006 2248 1102 2310 quan

82 2323 197 2400 partus
232 2338 410 2382 numerare.
456 2317 546 2401 quid,
583 2317 639 2402 qui
673 2317 832 2402 sanguine
864 2339 923 2382 suo
955 2317 1038 2382 libat
1070 2320 1137 2381 etc

90 2407 278 2471 uulneribus
307 2406 373 2471 suis
402 2405 576 2491 supplicat,
603 2427 670 2471 non
697 2405 854 2490 profanus
877 2406 992 2471 melius
1017 2409 1103 2471 esset

48 2517 74 2558 as
92 2517 188 2578 quam
225 2495 272 2560 sic
307 2494 501 2580 religiosus?
547 2499 604 2561 aut
640 2495 693 2561 cui
727 2499 815 2561 testa
851 2497 928 2560 sunt
964 2495 1103 2560 obscena

92 2585 247 2667 demessa,
269 2606 333 2668 quo
357 2585 453 2650 modo
472 2583 571 2662 ,deum
594 2583 707 2668 placat
725 2583 779 2668 qui
797 2583 859 2647 hoc
877 2583 973 2649 modo
992 2584 1103 2667 uiolat,

88 2695 160 2736 curn
191 2672 218 2736 si
249 2672 411 2737 eunuchos
439 2672 517 2737 deus
545 2672 659 2755 uellet,
688 2674 798 2756 posset
825 2691 995 2754 procreare
1023 2674 1102 2751 [non

87 2760 229 2842 facere]‘l
258 2761 329 2844 quis
357 2782 424 2825 non
451 2760 624 2844 intellegat
650 2759 736 2824 male
766 2781 863 2824 sanos
886 2763 920 2825 et
942 2780 1046 2825 uanae
1069 2764 1135 2824 cta

163 3012 176 3059 1
196 3003 363 3058 naturaliter
379 3004 447 3058 delet
460 3003 645 3058 Heunrunnua
658 3004 668 3072 11
682 3009 697 3056 2
712 3004 815 3058 rodunt
829 3003 868 3058 W
866 3019 981 3059 ouerua:
999 3005 1103 3059 norunt

88 3079 131 3146 211
150 3082 165 3130 6
185 3075 278 3130 facitis
297 3071 448 3142 protegitis
468 3077 497 3129 et
514 3072 621 3129 timetis
640 3079 668 3142 P,
688 3075 796 3128 traiecit
814 3075 955 3130 Mecnsius
968 3076 978 3144 11
996 3081 1012 3129 9
1031 3075 1102 3128 mal-

88 3148 207 3215 luntl’fl
223 3151 264 3212 12,
281 3152 313 3199 13
333 3145 463 3216 quorum]
483 3146 577 3200 mulina
595 3142 695 3213 quoius
703 3148 719 3212 -1
733 3150 776 3212 13,
791 3151 825 3199 14
844 3162 929 3215 quam
947 3144 1038 3199 multa
1052 3146 1101 3200 ad·

88 3221 162 3276 didit
180 3217 363 3272 Heumnnnus
385 3217 395 3286 l
419 3222 461 3281 14,
481 3222 514 3271 15
533 3214 692 3270 discurrunt
710 3215 773 3284 alii,
798 3216 847 3270 alii
865 3217 998 3271 incedunt
1016 3217 1102 3283 ideam

31 3322 33 3326 ·
88 3292 209 3361 equidem
223 3287 273 3342 alii
287 3288 428 3343 obiecerim
442 3289 452 3357 l
466 3293 499 3341 16
513 3287 630 3341 uicatim
646 3285 791 3343 Gelenius:
804 3286 960 3342 uicantesl’
973 3288 982 3356 11
997 3291 1030 3341 18
1044 3285 1102 3341 itus

90 3362 148 3432 (it’)
167 3361 280 3430 suinai:
304 3361 333 3412 et
350 3365 370 3410 P
388 3359 456 3414 delet
476 3357 604 3413 Gelenius
626 3359 636 3428 1
658 3363 701 3426 22,
720 3364 754 3413 23
773 3375 858 3427 quam
876 3359 972 3426 partus
991 3354 1103 3412 addidit

95 3433 233 3488 Votienus
251 3431 308 3485 coll.
328 3429 408 3485 Lact.
427 3431 440 3484 Ι
461 3435 492 3484 17
511 3430 846 3498 1124nonneidenll26
866 3431 939 3483 testa
959 3426 1102 3483 Gelenius:

90 3505 192 3559 exta?
213 3504 224 3572 l
246 3508 280 3556 26
303 3501 452 3572 placat-
472 3498 564 3556 uiolet
586 3501 700 3571 scripsi:
720 3499 819 3555 uiolet
835 3527 869 3537 -
885 3497 1025 3562 quacum
1047 3497 1129 3564 Q*

85 3572 175 3628 uiolet
185 3603 217 3614 -
228 3573 329 3644 placat
339 3573 520 3646 Perizonius)
533 3575 593 3646 l2'l
602 3577 653 3644 ,22
666 3590 730 3627 non
742 3571 846 3625 lacere
857 3559 1153 3619 succenseatur&
