2378 3930
175 186 219 253 34
484 204 722 251 antonnacum-mn
742 208 776 252 nt

176 362 245 421 pora
259 344 443 421 pervenimus,
459 344 589 403 continua
605 345 785 420 explicatione
799 344 895 403 barum
909 348 1094 405 recentiorum

174 430 355 505 reliquiarum
368 429 577 509 abstineremus,
596 437 624 486 et
638 446 708 504 quae
723 429 814 487 dicere
828 444 939 487 uacasse
953 430 1095 489 videretur

175 532 205 571 ea
222 530 304 589 quam
321 512 479 571 brevissima
495 514 619 571 oratioue
635 513 938 589 comprehenderemus.

237 599 257 655 1.
284 596 516 667 Quemadmodum
536 597 656 655 isidorus
679 616 695 654 e
716 601 898 656 vetustiorum
923 599 1091 674 scriptorum

174 683 251 740 libris
267 700 317 740 sua
331 683 364 739 de
376 684 512 740 mensuris
528 700 560 740 ac
574 682 741 758 ponderibus
756 693 902 759 praccepta
918 684 1092 758 conglutina-

173 771 253 841 verit,
264 769 283 825 il
295 768 403 824 demum
415 777 477 843 apte
489 784 625 843 exponere
636 776 766 843 poterunt
777 770 823 843 qui
837 785 945 825 ornnem
957 771 1091 826 rationem

175 870 255 927 quam
271 852 393 910 isidorus
414 854 442 908 ln
462 868 545 927 opere
563 853 752 927 componendo
769 862 880 910 secutus
899 854 935 909 sit
952 853 1108 910 illustram-¹

174 938 234 994 dam
247 937 299 994 sibi
313 938 519 1012 proposuerint.
550 936 598 994 llic
613 938 679 993 satis
694 945 736 993 est
748 937 867 994 brevitor
878 954 1092 996 commemorare

175 1023 208 1078 dc
222 1023 360 1078 mensuris
376 1038 505 1095 agrorum
517 1022 649 1078 isidorum
664 1038 743 1078 risum
760 1039 821 1079 csse
833 1022 907 1078 balbi
919 1024 1093 1097 expositione

173 1114 202 1162 ct
221 1105 387 1163 Columellas
408 1106 503 1176 libris,
530 1107 563 1161 de
585 1107 697 1180 reliquis
718 1109 836 1163 carmine
858 1107 891 1163 de
910 1107 1090 1181 ponderibus,

174 1190 261 1246 altero
277 1191 396 1246 carmine
414 1190 448 1246 dc
464 1190 533 1246 libra
549 1189 729 1265 partibusque
745 1193 821 1264 eius,
838 1191 933 1249 Latina
947 1190 1091 1266 Epiphanii

172 1275 315 1344 versione,
341 1274 459 1349 denique
483 1274 565 1330 variis
588 1274 696 1332 Graecis
717 1276 816 1333 tabulis
839 1276 872 1333 dc
894 1277 990 1333 codem
1009 1293 1091 1351 argu·

173 1367 267 1416 mento
283 1360 457 1434 conscriptis.

260 1442 288 1500 ll.
320 1443 387 1500 Post
413 1444 547 1501 Isidorum
578 1446 721 1518 posuimus
751 1445 896 1502 nonnullas
922 1448 1091 1503 incertorum

174 1530 342 1602 scriptorum
357 1528 477 1599 tabulas,
500 1531 611 1602 quasin
628 1531 680 1586 ista
696 1531 849 1586 recentiore
866 1538 956 1587 aetate
971 1546 1004 1586 ex
1019 1532 1090 1587 antl-

174 1613 317 1688 quioribus
338 1613 468 1687 exemplis
491 1615 520 1669 iu
541 1613 610 1670 bauo
631 1630 691 1670 csse
709 1614 822 1670 lormam
840 1614 962 1671 redactas
979 1624 1027 1671 aut
1045 1632 1089 1671 ex·

172 1698 310 1771 ploratum
329 1705 403 1754 esset
419 1706 466 1755 aut
480 1698 621 1772 probabile
636 1699 783 1755 videretur.
820 1699 854 1755 Ut
870 1702 982 1773 primam
999 1716 1032 1756 ex
1047 1701 1090 1755 bis

174 1782 273 1839 tabulis
296 1781 339 1855 (lr.
363 1781 434 1854 128)
456 1783 489 1839 ab
514 1782 711 1857 interpolatore
737 1785 867 1839 insertam
897 1800 959 1841 csse
985 1784 1090 1840 mediae

172 1866 246 1923 Balbi
263 1867 429 1941 expositioni
444 1876 523 1925 acute
540 1869 680 1941 perspexit
693 1867 890 1924 Laclrmannns.
917 1869 986 1924 'lum
1004 1869 1089 1925 altera

173 1951 216 2024 (ir.
235 1950 307 2024 129)
323 1960 352 2008 ct
372 1968 403 2008 ea
422 1955 514 2027 priore
534 1951 626 2008 tabula
645 1961 672 2008 et
686 1952 760 2009 Balbi
782 1955 953 2026 expositione
976 1954 1088 2009 conciu-

174 2045 236 2094 nata
256 2046 306 2093 est.
342 2037 456 2095 Additae
479 2039 617 2094 tamenin
641 2039 778 2094 centuriae
800 2037 959 2094 defiuitione
981 2037 1088 2094 decem-

173 2122 258 2195 pedae
288 2122 434 2194 quadratae
464 2131 491 2178 ct
521 2122 604 2196 pedes
630 2122 769 2195 quadrati3
800 2130 828 2178 ct
853 2122 951 2178 horum
978 2122 1088 2194 quidem

173 2239 280 2278 summa
302 2231 375 2278 recte
396 2241 458 2280 cssc
476 2224 576 2280 dicitur
590 2225 611 2278 L
626 2223 749 2278 DCOLX
760 2224 859 2295 milio,
881 2239 951 2297 quac
972 2222 1088 2295 legenda

173 2313 237 2361 sunt
264 2312 452 2380 qoinqnupias
481 2316 602 2364 centeno
629 2313 800 2382 septiapena
828 2323 976 2381 semiaperto
1005 2309 1088 2363 milio

173 2388 406 2461 (=-5tt30000).
438 2392 581 2449 Praeterea
601 2395 628 2448 in
651 2394 742 2449 cadem
764 2393 855 2449 tabula
878 2392 907 2465 (S
927 2393 955 2468 2)
979 2401 1089 2466 praeter

174 2474 364 2548 decempedam
380 2476 525 2532 Romanam
541 2477 694 2532 illustratur
708 2480 811 2551 pertica
828 2478 959 2551 qiraedam
978 2479 1088 2552 provin·

173 2559 258 2630 cialis,
280 2576 349 2632 quac
363 2560 407 2615 xli
422 2561 517 2635 pedes,
534 2561 656 2634 singulos
673 2561 749 2618 llVlll
763 2562 911 2635 digitorum
928 2562 1028 2619 babere
1047 2563 1087 2617 di·

173 2645 252 2701 citur.
283 2643 413 2701 Nimirum
438 2646 504 2702 baec
526 2655 568 2702 cst
584 2646 676 2702 cadem
698 2647 801 2720 pedalis
818 2663 945 2703 mensura
960 2664 1040 2720 quam
1057 2648 1085 2701 in

173 2729 315 2786 Germania
332 2732 359 2785 iu
375 2731 492 2804 'luugris
508 2731 621 2787 inveniri
640 2732 853 2806 Drusianamque
869 2730 1001 2805 appellari
1020 2732 1087 2787 dicit

172 2811 295 2887 Hyginus
311 2813 356 2885 (ir.
374 2815 452 2886 114,
469 2812 512 2890 3);
538 2818 638 2872 etenim
661 2817 805 2874 monetalis
828 2834 877 2891 pcs
901 2825 928 2873 et
946 2818 1087 2872 sescuncia

174 2906 238 2953 sunt
255 2898 335 2972 digiti
349 2899 434 2955 XVlll.

236 2984 355 3056 benique
375 2986 406 3040 ad
430 2986 499 3043 bunc
513 2988 601 3043 nostri
618 2985 681 3041 libri
696 2994 802 3058 partem
818 2985 962 3042 retulimus
978 2984 1086 3041 brevio·

172 3083 216 3122 ros
242 3068 311 3124 ‹liros
331 3069 408 3127 locos
430 3072 462 3127 dc
487 3073 618 3128 castrensi
640 3065 761 3146 iugero)
784 3079 812 3126 ct
831 3071 863 3126 dc
884 3069 1087 3126 mensuratione

172 3153 260 3224 iugeri
277 3151 320 3225 (ir.
338 3155 406 3213 130.
426 3155 505 3226 131).

171 3284 371 3294 ———..

241 3370 266 3430 1)
288 3370 321 3418 In
343 3370 395 3419 hoc
419 3370 573 3434 fragmento
600 3371 713 3436 iugerus
740 3371 786 3435 qui
814 3371 955 3421 bostrensis·
985 3369 1087 3419 dicitur

173 3452 229 3488 non
247 3437 339 3487 differt
356 3452 373 3486 a.
391 3437 499 3502 vulgari
517 3438 701 3488 Romanorum
720 3439 828 3504 iuger03
847 3455 911 3488 nem
929 3438 1086 3488 tribuuntur

164 3506 193 3553 ei
208 3505 246 3555 ab
263 3505 319 3555 boe
336 3505 474 3572 scriptore
494 3505 544 3557 288
562 3505 751 3571 decempedae
774 3506 928 3571 quadratae
944 3506 1006 3555 siue
1022 3504 1090 3568 ped.

150 3572 249 3633 quadr.
261 3574 358 3628 28800.
378 3575 437 3629 Sed
451 3576 520 3645 quia
534 3576 678 3643 quadrata.
692 3591 728 3626 ea
739 3587 873 3624 mensure
885 3586 950 3621 esso
964 3586 1026 3619 non
1039 3574 1103 3632 pot,-
