2378 3930
79 189 174 289 ¹[115]
443 208 662 253 nrsrnrsumo.
970 188 1011 255 'll

94 345 185 406 ditur.
210 340 292 425 [78.]
316 340 431 404 dicitur
452 342 490 403 ita
514 360 546 403 as
567 341 701 423 quidem,
730 358 784 404 seu
805 341 842 403 de
869 342 1013 405 divisione

94 444 196 515 solidi,
219 463 272 507 seu
295 444 332 506 de
353 444 501 523 pondere,
525 461 577 505 seu
600 443 637 504 de
659 449 811 505 numerata
830 444 860 503 in
878 462 946 506 aere
961 463 1013 523 pe·

96 549 182 609 cunia
206 556 326 626 agatur;
349 544 424 607 libra
446 554 545 608 autem
567 546 598 605 in
620 544 762 625 pondere.
807 547 920 605 nummi
943 564 1012 607 vero

99 650 235 726 argentei
262 649 293 708 in
321 649 445 726 pecnnia
474 647 568 708 lorma
591 643 709 725 publiea
732 645 883 707 dumtaxat
904 664 1013 708 nornen

98 752 258 829 accipiunt.
1030 760 1047 811 5

163 916 245 999 [79]
269 918 477 980 Mensurarum
500 916 623 996 liquoris
645 922 732 998 atque
749 918 835 995 grani
849 917 1013 997 expeditior

97 1029 129 1083 et
156 1019 252 1080 forma
281 1032 310 1081 et
338 1018 495 1099 appellatio
523 1027 581 1079 est:
616 1036 684 1078 nam
713 1017 901 1097 quadrantal,
936 1017 1013 1097 quod

98 1139 178 1182 nuno
201 1119 337 1202 plerique
360 1121 535 1200 amphoram
558 1127 676 1188 vocant,
708 1118 798 1180 habet
818 1137 909 1180 urnas
931 1120 1013 1189 duas,

98 1222 215 1285 modios
242 1231 317 1293 tres,
348 1222 495 1284 semodios
517 1239 584 1292 sex,
615 1222 735 1300 congios
758 1228 841 1290 ooto,
872 1222 1014 1282 sextarios

99 1324 293 1405 quadraginta
316 1331 397 1392 outo,
421 1324 555 1385 heminas
577 1324 735 1401 nonaginta
758 1339 824 1391 sex,
848 1323 1013 1402 quartarios
1032 1336 1066 1387 10

98 1434 217 1488 centum
248 1427 408 1501 nonaginta
436 1425 510 1495 duo,
546 1424 665 1503 cyathos
694 1424 869 1502 quingentos
899 1431 1015 1502 septua-

98 1530 179 1606 ginta
202 1545 262 1588 sex.
287 1523 369 1608 [80]
392 1534 478 1587 notae
501 1542 721 1586 mensurarum:

346 1642 546 1723 quadrantalis
695 1663 724 1719 qr

345 1781 438 1825 urnae
695 1778 724 1837 (Γ

346 1881 436 1942 modii
697 1866 750 1962 (ip

348 1999 470 2059 semodii
699 1985 753 2079 (ἦε

348 2117 443 2194 congii
697 2111 725 2173 ἦ

347 2218 466 2279 sextarii
489 2216 524 2277 ad
547 2217 647 2277 viuum
696 2234 711 2277 2

486 2318 522 2379 ad
545 2336 670 2399 granum
695 2317 745 2396 Σ)

347 2421 482 2482 heminae
695 2430 717 2495 Q

349 2523 490 2601 quartarii
694 2520 751 2587 tm

272 2661 274 2664 <
348 2624 443 2703 cyathi
694 2630 727 2681 ΤΙ

102 2742 185 2826 [Sl]
203 2744 333 2804 Partium
350 2749 378 2803 et
393 2745 509 2803 numeri
524 2742 665 2803 naturalis
683 2759 769 2803 eausa
791 2742 891 2807 durat,
916 2758 1018 2819 quam·

103 2847 146 2907 vis
173 2843 343 2905 nominibus
371 2844 449 2922 apud
472 2862 603 2923 quasque
625 2851 728 2923 gentes
756 2842 900 2903 dillerant.
946 2859 1019 2919 pon·

103 2947 184 3008 deris
213 2954 241 3008 et
267 2963 471 3037 mensurarum
498 2945 603 3005 modus
625 2946 755 3006 incertus
778 2950 836 3012 est;
866 2961 932 3004 nam
956 2943 1019 3004 eius
1036 2960 1072 3010 25

104 3049 254 3126 dispensio
277 3065 311 3108 ao
334 3047 476 3108 dimensio
501 3091 733 3107 ..........

175 3323 199 3373 l.
218 3320 319 3370 dicitur
336 3320 396 3370 add.
411 3316 457 3367 Mo
528 3318 569 3370 11.
588 3315 718 3381 oyatosO
768 3316 810 3366 23.
829 3316 951 3367 Partium
971 3322 1019 3365 eto.

104 3420 153 3457 om.
171 3404 215 3454 Bd'
299 3404 339 3453 24.
360 3402 431 3468 apud
450 3402 482 3452 oo
504 3402 536 3452 ad
555 3400 673 3466 Heldipio
696 3402 801 3451 collatus
825 3398 896 3463 (uide
913 3399 1019 3463 praefi),

106 3492 173 3554 aput
192 3488 274 3539 CtMo
352 3486 483 3537 differant
501 3487 559 3553 Mo,
576 3485 721 3537 tolerati)
805 3484 855 3534 ‘lim
868 3498 940 3532 nam
956 3477 1039 3539 2¹me

95 3585 227 3620 numerus
246 3571 284 3621 Co
299 3572 333 3622 ab
352 3573 476 3643 Helbr'piu
496 3577 605 3628 collatur
