2378 3930
152 168 194 233 10
460 189 703 234 rnonnaouuns
720 191 755 233 m

149 336 230 387 cutus
246 332 292 387 sit.
328 329 366 385 bc
381 343 443 384 cum
457 325 585 383 rediisset
600 327 627 383 iu
642 328 761 399 italiam,
783 330 876 384 statim
897 326 931 383 ad
945 327 1068 385 studium

151 414 301 488 paullisper
322 411 509 468 intermissum
529 426 656 468 reversus
678 420 729 469 est.
774 413 811 467 m
833 412 939 482 mutto,
962 413 1065 487 inquit,

150 500 229 555 vetut
246 503 358 568 scripto
378 497 459 567 {otiis
475 507 503 553 et
519 513 624 567 sparso
645 501 719 553 ortis
736 497 840 553 ordini
853 498 1002 553 inlaturos
1018 514 1066 553 rs·

151 584 267 658 collegi:
299 580 419 651 foedum
434 587 511 638 enim
525 582 597 637 miii
611 582 780 650 videbator,
801 587 830 638 si
845 598 957 654 ponera
972 599 1068 655 angn-

143 663 245 725 ¹torum
260 677 329 740 poor
342 670 401 723 'sint
416 672 615 738 interrogatos
630 667 838 738 responderem
855 667 945 723 Metto
952 687 962 721 :
984 667 1067 723 ideo-

152 768 207 826 que
229 768 328 808 rernm
347 751 388 806 od
404 751 616 822 professionem
637 759 765 807 nostram
785 756 1012 823 pertinentium,
1034 756 1068 806 in

150 847 289 911 qnantum
302 843 388 908 potor·
403 845 582 908 occupatus,
599 843 725 906 species,
742 837 916 908 qualitates,
932 835 1067 892 condict-

120 984 125 990 ,
150 938 230 993 ones,
246 922 344 977 modos
360 930 386 975 ot
401 936 537 976 numeros
553 927 678 976 excessi.
714 921 762 977 His
784 917 912 993 perlectis
928 922 990 993 quis
1006 928 1068 977 tau·

150 1008 213 1063 dem
234 1004 366 1078 ambigat,
396 1022 475 1079 quam
497 1014 582 1061 artem
604 1005 761 1062 tractaverit
781 1003 879 1060 Balbus
901 1003 1067 1079 qualemque

150 1090 251 1165 librum
272 1090 477 1163 composuerit?
504 1090 576 1145 llaec
596 1090 648 1145 nisi
670 1089 821 1164 geometria
841 1088 970 1159 dicenda,
991 1088 1069 1146 nulia

60 1204 64 1210 ·
149 1175 262 1231 omniuo
284 1182 335 1229 est.
365 1178 403 1229 Ac
424 1190 478 1247 quo
501 1176 654 1231 accuratius
670 1175 696 1230 id
718 1173 892 1242 definiamus,
914 1173 940 1229 ei
957 1189 1067 1247 geome-

151 1261 222 1315 triae
241 1260 335 1329 generi
353 1274 475 1330 -operam
502 1257 575 1313 dedit
595 1259 695 1315 Balbus
723 1257 797 1332 quod
819 1257 851 1313 ad
873 1275 954 1314 usum
978 1260 1018 1314 rei
1039 1266 1068 1314 et

56 1399 58 1403 .
151 1345 274 1416 agrariae
290 1351 317 1397 et
332 1340 457 1397 militaris
472 1342 635 1414 pertineret,
651 1343 729 1399 cuius
745 1359 803 1398 eam
820 1351 924 1415 partem
937 1358 1007 1414 quae
1023 1350 1068 1398 est

149 1428 184 1503 de
199 1428 274 1500 agris
289 1425 433 1481 metiendis
449 1426 620 1499 geodaesiam
637 1426 731 1484 Graeci
748 1426 960 1500 appellaverunt.

213 1511 305 1567 'l'aiem
325 1511 411 1583 igitur
431 1512 609 1583 geometriam
630 1512 662 1568 ad
683 1529 763 1568 usum
785 1511 999 1582 gromaticorum
1022 1527 1055 1565 ac

148 1597 347 1652 commodatam
358 1596 513 1669 composuit
524 1596 622 1652 Balbus
633 1613 746 1669 eamque
758 1595 900 1667 inscripsit
912 1594 1067 1668 Expositis·

149 1696 212 1736 nem
233 1688 262 1736 et
282 1679 413 1736 rationem
437 1680 557 1736 omnium
579 1681 743 1737 formarum·
783 1679 833 1734 llic
854 1680 985 1735 formae
1006 1678 1076 1734 iere·

149 1780 198 1819 eae
213 1763 412 1838 intellegendae
427 1771 492 1820 sunt
507 1781 574 1838 quas
590 1783 641 1821 nos
664 1764 766 1837 figuras
788 1765 970 1837 geometricas
986 1780 1066 1819 voca-

149 1865 225 1919 mus,
247 1848 347 1922 quibus
363 1851 452 1904 omnis
468 1848 527 1905 eius
543 1848 701 1923 disciplinae
722 1848 919 1905 demonstratio
940 1850 1067 1903 contine·

150 1941 203 1989 tur.
233 1933 401 2006 Quamquam
416 1950 472 1990 non
488 1941 543 1991 tam
558 1935 633 2007 ipsas
648 1933 750 2007 figuras
766 1933 830 1989 stilo
847 1933 886 1988 vel
899 1931 1003 1988 calamo
1018 1932 1066 1988 ad·

150 2016 289 2074 umbratas
306 2016 468 2089 significavit
478 2017 588 2089 Balbus,
605 2036 686 2092 quam
697 2022 824 2075 notiones
840 2032 933 2072 earum
949 2015 982 2071 ab
999 2033 1065 2073 ocu·

149 2101 239 2157 iorum
261 2101 360 2157 obtutu
381 2102 532 2160 abstractas
552 2105 693 2176 mentique
713 2103 865 2176 peritorum
881 2100 1065 2172 inhaerentes,

149 2202 183 2241 ue
194 2186 291 2255 muita,
306 2187 365 2258 ipsa
377 2188 544 2258 geometriae
560 2196 588 2242 et
602 2187 734 2265 principia
751 2195 778 2243 et
794 2189 978 2255 theoremata,
996 2202 1065 2257 quo·

149 2268 183 2325 ad
199 2268 307 2340 quidem
329 2284 425 2324 eorum
446 2273 558 2327 scientia
579 2271 735 2327 necessaria
755 2279 828 2327 esset
844 2271 876 2326 ad
892 2268 1064 2342 disciplinam

146 2354 335 2425 gromaticam.
366 2352 468 2420 Quibus
488 2354 644 2427 praeceptis
665 2357 837 2428 geometricis
859 2354 961 2410 addidit
984 2353 1064 2409 aliam

147 2437 348 2492 institutionem
371 2453 439 2508 quae
459 2439 634 2511 peculiariter
649 2440 682 2495 ad
697 2440 881 2496 Romanorum
897 2446 983 2495 artem
999 2455 1063 2511 gro-

148 2520 272 2576 maticam
293 2522 461 2593 pertineret,
482 2524 559 2577 cuius
581 2523 691 2595 generis
707 2532 734 2578 ct
750 2524 829 2579 initio
845 2523 910 2579 libri
931 2522 1063 2595 quaedam

145 2613 254 2661 servata
270 2612 334 2660 sunt
350 2612 377 2660 et
392 2605 444 2662 alia
458 2615 584 2680 excerpta
605 2616 671 2663 sunt
686 2627 700 2664 a
716 2607 916 2681 posterioribus
931 2608 1064 2680 gromati-

147 2683 223 2760 cis⁹).
255 2689 369 2745 Omnino
391 2698 482 2747 autem
503 2691 647 2747 admodum
667 2693 763 2765 exigua
784 2709 849 2765 pars
869 2695 956 2765 ipsius
971 2694 1063 2766 operis
1102 2726 1105 2730 ·

145 2869 263 2919 montium
280 2873 427 2922 attbudines
444 2880 471 2921 ut
487 2874 620 2934 sciremus,
648 2872 801 2922 venerabilis
824 2874 887 2922 diis
909 2874 977 2922 ratio
995 2888 1063 2922 mon·

144 2936 260 2994 simbus,-
290 2937 337 2986 ubi
356 2938 467 2989 codices
487 2955 548 2989 cum
571 2941 599 2989 in
623 2940 687 2989 aliis
710 2940 860 3000 fluctuant,
891 2945 949 2989 tum
968 2941 1062 3004 dipsa

145 3004 196 3053 diis
213 3003 300 3053 babet
316 3005 466 3056 Gudianus.
501 3008 615 3056 Minime
633 3008 745 3057 dubium
766 3013 807 3057 est
826 3007 890 3072 quin
908 3008 1063 3057 venerabilis

143 3072 195 3121 diis
213 3073 281 3121 ratio
300 3071 417 3122 absurde
436 3074 568 3139 scriptum
587 3076 635 3135 sit,
655 3090 708 3125 nec
726 3075 754 3124 id
767 3075 840 3140 fugit
852 3074 1063 3124 Lachmannum

144 3139 196 3187 deo
214 3138 384 3192 suadentem.
419 3146 454 3190 At
471 3143 622 3192 oeraerabitis
640 3146 762 3208 trianguli
778 3144 846 3192 ratio
865 3143 978 3207 scripsit
996 3141 1063 3191 Bal-

146 3205 206 3265 bus,
226 3205 274 3254 ubi
293 3221 354 3256 cum
372 3211 494 3272 trianguli
516 3210 550 3259 sb
570 3210 662 3274 aliquo
681 3210 794 3261 librario
813 3227 862 3275 per
879 3209 916 3260 Δί
935 3215 1063 3260 notatum

147 3277 230 3335 esset,
248 3273 313 3323 inde
332 3275 438 3324 fectum
457 3282 500 3327 est
517 3278 566 3339 DI,
587 3278 656 3341 quod
675 3278 793 3343 legimus
812 3279 841 3327 in
859 3277 1001 3342 Gudieno,
1021 3277 1062 3327 id·

145 3354 199 3404 qus
215 3355 296 3458 ξοτέο
309 3349 473 3459 ξὲπὲιρτιῖιὲι
492 3345 520 3393 in
538 3347 588 3461 {iis
607 3344 694 3460 goeni.
713 3344 912 3432 Philol.XXl1
930 3362 956 3410 p.
976 3345 1031 3412 62).

146 3406 297 3525 Praetiareia
314 3447 481 3540 in'retiqun’
489 3414 1063 3545 gpromzbcirurioic’riiitiiiBlsiibiasllaucicii

145 3544 251 3593 citatur
268 3559 295 3608 p.
313 3546 372 3607 225,
393 3546 433 3593 14.
452 3547 511 3605 239,
532 3548 572 3595 15.
592 3548 652 3606 245,
673 3550 696 3596 1.
715 3550 812 3611 249,1.
831 3549 890 3611 402,
903 3550 927 3599 8.
945 3551 1003 3610 403,
1018 3552 1060 3602 28.
