2378 3930
350 193 520 249 anirorus
540 151 753 250 parasino.
996 192 1063 248 x111

47 339 238 424 disciplinae
261 339 350 404 illius
373 340 505 424 placita.
542 361 624 423 quae
648 361 721 405 cum
744 338 872 405 uideret
894 339 928 404 in
946 338 1063 403 ultima

46 430 172 513 origine
196 450 235 492 ex
257 428 466 512 philosophia
485 448 602 512 graeca
620 431 788 513 tamquam
807 451 846 494 ex
864 429 954 493 fonte
973 450 1063 511 prae·

45 517 141 603 cipuo
175 517 222 580 ita
255 517 447 602 profluxisse
480 521 531 601 ut,
567 538 648 601 quae
685 517 883 601 sapientium
915 519 1062 580 ueterum

46 606 179 671 scholae
203 604 387 692 (Platonica
415 606 554 669 maxime
582 610 615 670 et
638 603 762 690 Stoica)
791 605 968 670 disserendi
992 608 1062 668 arte

46 695 180 759 sibimet
201 696 410 779 inuenerant,
434 715 472 759 ea
494 694 559 758 iam
583 716 668 759 nouo
693 695 789 759 modo
813 693 953 758 conflata
976 694 1062 758 salu-

45 784 186 848 berrimo
210 784 363 848 instituto
387 782 428 847 ad
451 804 655 848 communem
679 783 766 847 uitae
794 780 928 866 usum*)
956 786 1062 846 trans·

44 873 113 936 lata
137 876 245 936 essent
269 875 366 956 atquc
390 871 651 955 adcommodata,
673 893 739 936 non
762 871 818 935 ille
840 871 1006 936 dubitauit
1028 871 1064 934 in

45 960 109 1025 hoc
133 960 261 1045 dialogo
287 983 446 1025 summam
468 961 553 1024 inter
577 960 791 1044 philosophos
815 964 848 1023 et
867 960 1062 1024 christianos

46 1053 115 1113 tam
138 1051 173 1112 in
196 1071 261 1115 uno
280 1050 340 1115 deo
365 1049 535 1114 statuendo
555 1071 652 1132 quam
676 1049 710 1113 in
732 1052 824 1133 parto
848 1049 964 1114 morali
987 1069 1061 1113 con·

48 1138 232 1224 gruentiam
274 1142 373 1222 atque
413 1137 619 1202 concordiam
660 1138 696 1202 in
735 1159 830 1201 usum
866 1158 983 1201 uocare
1022 1138 1062 1202 ad

47 1227 259 1292 christianam
304 1227 496 1313 religionem
542 1226 719 1310 gentilibus
761 1226 1064 1309 commendandam,

47 1316 144 1381 simul
171 1319 282 1380 tamen
304 1314 466 1402 (equidem
492 1318 529 1378 ut
556 1313 677 1401 sentio)
702 1315 936 1380 christianismi
963 1315 1063 1379 inter·

45 1405 265 1488 pretationem
297 1404 463 1469 meliorem
495 1404 722 1488 purioremque
754 1404 853 1468 etiam
880 1404 956 1467 fidei
985 1424 1062 1467 suae

46 1492 252 1557 consortibus
271 1514 465 1575 proponens.
494 1492 579 1576 apud
595 1514 675 1576 quos
695 1515 751 1556 cur
769 1514 884 1576 parum
904 1495 961 1556 aut
979 1492 1062 1556 nihil

47 1578 220 1664 (quantum
253 1581 381 1663 quidem
414 1581 572 1664 suspicari
604 1578 694 1660 licet)
722 1581 873 1663 ualuerit,
901 1580 996 1644 facile
1024 1603 1063 1644 ex

46 1669 184 1732 historia
216 1669 321 1733 cultus
349 1667 519 1733 christiani
553 1669 757 1752 perspicitur.
800 1669 886 1752 apud
914 1673 1062 1752 posteros

47 1763 156 1821 autern
189 1757 246 1821 uni
279 1757 451 1821 eruditioni
483 1757 588 1820 honae
620 1756 726 1840 frugis
759 1756 799 1821 ad
832 1757 1061 1840 inpugnandos

47 1846 194 1911 ethnicos
213 1846 421 1931 plenissimae
440 1847 609 1928 acceptum
629 1845 795 1909 rettulisse
814 1845 951 1928 uidetur,
975 1845 1061 1929 quod

46 1957 112 1999 non
140 1957 198 2018 pro
227 1935 388 2000 haeretico
417 1938 467 1999 est
497 1934 677 1998 damnatus.
718 1936 803 1997 certe
831 1933 1063 2019 Tertullianus,

47 2023 123 2108 quid
141 2024 191 2088 illi
210 2024 326 2088 debeat
345 2023 502 2106 conscius,
520 2020 745 2087 tantummodo
762 2023 848 2086 tecte
868 2043 941 2086 eum
959 2027 1061 2105 notat,

46 2116 83 2176 ut
107 2132 167 2196 ego
190 2116 283 2197 puto,
306 2112 358 2176 his
382 2112 491 2176 uerbis
517 2111 569 2192 [de
592 2132 731 2195 praescr.
753 2111 841 2175 haer.
864 2132 890 2176 c.
911 2112 959 2192 7]:
987 2113 1064 2193 quid

46 2220 115 2283 erpo
134 2201 267 2265 Athenis
285 2207 314 2266 ei
330 2201 564 2284 Hierosolymis,
583 2200 659 2281 perid
675 2200 850 2264 umdemiue
868 2205 897 2264 ei
914 2201 1062 2279 ecciesiae,

46 2291 123 2372 quid
143 2289 302 2354 haereticis
319 2295 348 2354 ei
364 2288 565 2355 christianis?
588 2293 695 2353 nostra
712 2289 866 2354 institutio
883 2289 920 2353 de
936 2291 1061 2370 portica

46 2377 223 2444 Salomonis
245 2384 301 2461 esi,
323 2380 378 2462 qai
399 2380 513 2460 etipse
536 2379 721 2461 tradiderat,
747 2378 908 2443 dominam
929 2378 966 2442 ia
987 2378 1061 2443 sim·

42 2467 183 2547 plicitate
210 2469 311 2532 cordis
337 2487 398 2533 esse
424 2469 641 2549 qaueeadam.
682 2467 822 2531 aidoint
847 2467 913 2548 qai*
933 2468 1063 2531 stoicem

47 2561 76 2619 et
91 2557 285 2637 platonicam
305 2561 334 2621 et
354 2557 547 2622 dialecticam
565 2556 832 2621 christianismum
848 2555 1062 2636 protulerunt:

47 2645 134 2708 nobis
156 2647 332 2710 curiositate
354 2664 430 2727 opus
451 2666 516 2710 aon
538 2650 583 2710 esi
601 2649 674 2726 post
694 2643 802 2709 Iesum
825 2642 987 2710 Christum
1008 2665 1063 2709 ace

46 2733 248 2813 inquisitione
267 2740 340 2816 post
361 2735 572 2816 aioapeiium:
600 2754 669 2798 cam
691 2734 857 2815 ominus,
884 2731 965 2798 aiiii
986 2734 1064 2798 desi-

48 2821 194 2885 ieramus
215 2822 301 2887 uitro
323 2824 440 2887 credere
463 2843 529 2905 eqa
566 2819 750 2906 Cyprianus
774 2824 898 2904 autem,
923 2825 961 2885 ut
984 2822 1065 2886 obli·

48 2909 138 2973 uioni
162 2909 253 2974 daret
276 2910 430 2975 haeretici
457 2910 591 2993 librum,
619 2910 655 2973 in
679 2910 833 2994 opusculo
856 2908 954 2993 ‘quod
977 2910 1065 2976 idola

49 2997 94 3061 dii
134 3020 199 3063 non
241 2998 331 3063 sunt'
369 2999 526 3082 inscripto
563 2999 650 3063 hunc
687 2999 853 3084 dialogum
891 3001 991 3065 tacite
1029 3001 1065 3064 in

48 3087 147 3150 breue
180 3087 406 3171 compendium
436 3088 485 3151 ita
514 3087 643 3172 redegit
669 3091 706 3152 ut
731 3088 865 3172 longam
893 3091 926 3152 et
954 3089 1064 3153 ortho-

50 3175 166 3239 doxam
196 3176 235 3240 de
263 3174 394 3241 Christo
423 3175 660 3260 expositionem
688 3177 763 3240 inde
791 3198 811 3241 a
838 3176 944 3260 capite
974 3180 1064 3242 sexto

49 3264 88 3327 de
108 3287 167 3330 suo
187 3265 361 3332 adtexeret.
393 3264 562 3330 honestius
581 3265 684 3330 multo
704 3265 773 3350 egit
788 3264 991 3350 Lactantius,
1009 3266 1065 3350 qui

120 3474 145 3545 ³¹⁶)
169 3475 234 3531 hinc
257 3491 365 3546 paucae
388 3475 417 3530 in
439 3475 624 3550 philosophos
641 3478 756 3533 ueteres
771 3474 941 3530 iuuect‘mae
955 3479 1017 3540 tex.
1032 3491 1081 3536 gx.

48 3561 70 3596 c.
92 3550 133 3613 38,
154 3547 183 3614 5)
203 3547 398 3618 explicandae.
