2378 3930
164 220 227 287 154
448 241 599 285 annuum
619 242 662 283 un
676 240 747 283 von.
763 242 785 282 1.

161 373 355 454 γεωμέτραι(
370 371 484 439 ἄκαινα
503 394 565 435 veru
581 377 717 452 scriptura
734 376 918 435 restituenda:
941 370 969 436 κ’
984 370 1038 437 ἐπὶ
1051 366 1077 437 κ’

166 462 281 541 (scilieet
295 457 446 537 ἀκαιναε),
461 458 563 536 ἤγουν
579 462 631 536 (vet
646 457 727 535 ἤτοι)
741 454 786 521 κε’
800 457 931 536 πλέθρα.
964 462 1076 537 Reliqua

164 552 266 607 intacta
277 548 418 622 relinquo;
437 566 498 605 uam
513 550 565 606 luoe
581 547 688 622 quidem
700 546 780 604 facile
796 554 926 621 apparet,
943 547 968 604 si
986 548 1076 604 eadem

163 651 262 693 aeaeua
279 640 362 707 atque
377 641 456 689 antea
478 631 667 705 intellegatur,
689 630 859 688 scribendum
880 648 959 689 esse:
984 626 1024 690 τὸ
1044 628 1077 691 δὲ

163 714 305 793 πλέθρον
320 709 348 776 δ’
361 711 413 775 ἐπὶ
427 710 455 776 δ’
469 711 616 783 ἀκαίναες
638 717 685 774 sed
706 716 784 772 aliam
807 716 940 790 quandam
963 733 1076 774 acaeuae

164 820 332 875 mensuram,
354 795 435 875 ὅπερ
456 797 543 876 παρὰ
557 794 779 861 Παλαιιτίνοιε
795 796 845 859 καὶ
863 796 1005 876 Ἄραψιν
1028 816 1076 862 co·

157 885 254 947 ·ταῐον
273 883 430 959 καλεῖται,
445 889 564 961 scriptor
579 888 724 960 fragmenti
741 885 889 961 signifieat,
911 904 983 961 quae
1000 886 1077 944 verita

165 976 189 1029 si
207 990 271 1029 sana
293 980 373 1045 sunt,
395 968 525 1031 (αταῖον
548 972 642 1030 habuit
659 971 706 1045 1¹,l3
720 970 842 1028 subitum
861 973 916 1027 sive
937 971 955 1027 2
979 972 1077 1046 pedem

165 1074 215 1115 neo
228 1064 272 1114 est
286 1058 352 1114 haee
369 1057 476 1130 quidem
499 1058 570 1112 ratio
591 1075 640 1130 peu·
658 1073 688 1113 se
708 1055 911 1131 improbabilis,
931 1056 986 1112 nisi
1007 1056 1078 1130 quod

164 1140 362 1216 appellationes
379 1135 519 1214 κὰλαμο(
535 1150 563 1196 et
577 1134 690 1200 ἄκαινα
711 1141 738 1197 iu
762 1150 815 1197 tam
837 1140 934 1213 exigua
951 1155 1077 1197 mensura

165 1226 313 1283 offendunt.
360 1224 411 1283 Setl
437 1233 501 1281 utut
524 1225 578 1282 hoo
605 1237 663 1298 est,
692 1228 745 1282 iam
773 1241 962 1298 comparemus
989 1223 1078 1282 locum

166 1310 359 1367 Sohowiauum
374 1326 436 1366 oum
448 1309 496 1366 illo
512 1310 666 1383 fragmento
677 1306 749 1383 περὶ
764 1304 898 1383 μέτρων.
930 1309 1006 1367 Unde
1021 1318 1078 1365 orta

165 1402 310 1450 est-arura
336 1393 426 1465 133tt
445 1393 601 1452 cubitorum
623 1396 651 1451 iu
676 1392 836 1453 circuitum?
874 1393 944 1451 Sunt
963 1394 993 1449 lai
1019 1393 1079 1452 200

164 1479 246 1553 pedes
262 1488 289 1534 et
304 1479 323 1535 ii
339 1480 491 1553 quidem-
506 1479 559 1537 hoo
572 1482 644 1537 enlm
658 1490 723 1556 peto
739 1487 769 1537 ιιι
784 1480 850 1536 milui
864 1479 1033 1536 concedatur
1044 1508 1075 1518 -

164 1562 341 1633 Philetaerei;
360 1580 427 1638 ergo
440 1563 502 1623 240
513 1565 596 1639 pedes
607 1565 730 1635 llomani,
742 1572 770 1621 et
781 1564 848 1621 haee
859 1564 988 1620 nimirum
1000 1580 1078 1619 arura

164 1656 208 1705 est
222 1647 334 1723 duplum
349 1651 475 1724 iugerum
489 1649 637 1706 llomauum
653 1651 709 1706 sive
729 1650 801 1724 quod
818 1647 855 1704 illi
874 1648 1003 1705 dixerunt
1020 1647 1078 1705 he-

165 1733 307 1789 redium.
343 1733 388 1791 Sio
408 1734 493 1806 igitur
506 1734 719 1792 demonstratum
734 1742 777 1790 est
793 1742 903 1808 praeter
917 1734 1077 1807 Aegyptiam

163 1834 272 1875 aruuam
288 1819 349 1877 100
362 1818 535 1891 cubitorum,
553 1836 633 1893 quam
649 1818 804 1875 lleuoalotus
821 1825 1034 1887 commemorat,
1052 1818 1077 1872 iu

164 1902 254 1977 aliqua
274 1904 413 1978 provincia
434 1921 449 1960 a
469 1903 596 1960 Romanis
615 1904 769 1960 institutam
788 1920 847 1960 esse
869 1902 948 1959 aliam
969 1918 1079 1959 aruram

164 1987 236 2045 binis
252 1988 392 2063 iugeribus
408 1986 558 2061 aequalem,
572 2005 642 2063 quae
657 1989 684 2044 in
701 2006 796 2045 omues
812 1995 905 2061 partes
919 1986 982 2045 240
996 1987 1078 2061 pedes

164 2073 315 2144 Romanos,
331 2073 460 2147 proprios
475 2081 566 2129 autem
582 2074 665 2147 pedes
682 2073 743 2131 200
758 2073 879 2130 liaberet.
916 2073 1003 2128 lluius
1018 2089 1078 2128 aru·

165 2174 211 2213 rae
222 2162 249 2213 in
265 2157 461 2214 consuetudine
476 2157 584 2214 illorum
600 2158 804 2232 provincialium
820 2158 904 2213 luisse
915 2156 955 2213 25
974 2165 1078 2230 partes,

166 2258 233 2314 quae
253 2241 376 2314 singulae
398 2241 440 2300 40
454 2242 538 2316 pedes
561 2245 688 2317 proprios
709 2245 734 2299 iu
756 2243 916 2316 quadratum
934 2241 1078 2311 habereut,

165 2340 250 2397 eaque
270 2320 392 2398 πλέθρα
412 2326 545 2400 appellata
567 2343 636 2383 esse.
677 2328 717 2383 Ao
739 2328 864 2383 videntur
888 2328 968 2382 etiam
999 2326 1078 2382 iialem

165 2408 344 2482 provinciales
368 2409 431 2465 bina
452 2412 511 2466 eius
532 2411 605 2466 motli
625 2411 733 2484 plethra
752 2404 900 2484 ἰούγερον
919 2404 1030 2484 μικρόν
1048 2428 1079 2467 eu

164 2492 280 2567 legitimi
296 2494 383 2566 iugeri
399 2493 592 2565 similitudine,
614 2496 687 2569 quod
707 2495 801 2552 habult
819 2497 873 2552 duo
891 2494 999 2568 plethra
1016 2495 1078 2550 Phi·

164 2577 297 2649 teneres,
313 2577 506 2653 appellavisse;
528 2580 568 2636 sio
583 2580 654 2636 euim
668 2581 782 2637 emendo
802 2579 881 2636 uerba
899 2579 952 2635 vol,
969 2579 979 2634 l
995 2597 1021 2653 p.
1037 2580 1077 2636 56

165 2670 246 2720 extr-2
264 2658 329 2738 ἔχει
344 2659 379 2723 δὲ
393 2658 412 2736 ἡ
430 2655 555 2737 ἄρουρα
571 2660 631 2739 (pro
648 2659 770 2738 κουρία)
786 2658 916 2737 ἰούγερα
932 2658 1025 2736 μικρὰ
1042 2655 1080 2732 ιγ’

166 2744 219 2821 (hio
235 2758 278 2805 est
294 2767 326 2806 eu
344 2748 541 2805 consuetudine
562 2750 705 2824 scripturis
727 2751 862 2806 rotundus
882 2765 1012 2805 uumerus
1028 2765 1080 2822 pro

166 2825 243 2907 16'3).
273 2834 323 2890 Sed
339 2833 421 2909 haec,
443 2842 475 2889 ut
495 2834 565 2904 dixi,
588 2836 676 2891 tenuit
689 2834 894 2909 provincialium
911 2850 995 2897 usus,
1014 2833 1080 2907 quid

165 2934 229 2974 vero
249 2918 362 2974 llomaui
386 2918 456 2994 ipsi?
483 2935 578 2976 arurae
604 2926 697 2994 partes
720 2920 827 2975 easdem
850 2918 995 2974 voluerunt
1018 2935 1080 2974 esse

166 3019 233 3075 quas
254 3003 281 3058 iu
300 3005 425 3079 Aegypto
448 3002 626 3061 instituerunt
646 3003 739 3078 ibique
760 2996 933 3076 επορίμου(
947 2996 1081 3074 μοδίους

166 3085 369 3159 appellaverunt
388 3087 461 3164 (139
477 3083 540 3164 ss.);
563 3105 624 3146 nam
640 3095 670 3144 ut
690 3087 758 3145 tales
779 3089 885 3144 moalios
902 3087 1020 3143 satorios
1038 3090 1081 3142 iu·

165 3186 261 3243 gerum
278 3173 372 3230 hahuit
389 3183 461 3246 tres,
483 3173 523 3229 sio
543 3173 607 3230 huie
622 3188 718 3229 arurae
734 3170 812 3247 (quae
827 3180 935 3230 constat
949 3170 1020 3227 llinis
1037 3173 1081 3227 iu·

165 3254 286 3331 genibus]
315 3258 481 3316 tribuuntur.
502 3274 548 3312 sea
574 3251 693 3331 εατίβαι
714 3258 770 3314 sive
792 3252 891 3317 (ατίαι
913 3259 968 3312 sive
989 3249 1080 3327 (ἁτα,

165 3355 235 3414 quae
256 3358 337 3399 vooes
361 3343 457 3400 ductae
474 3358 534 3398 esse
551 3342 676 3399 videntur
690 3358 705 3397 e
719 3341 823 3399 Latinis
837 3346 950 3399 sativae
965 3350 993 3397 et
1011 3351 1080 3398 sota

166 3427 290 3499 cognatis
310 3427 350 3483 illi
370 3427 452 3483 modii
469 3426 643 3499 appellationi
660 3442 728 3500 quae
746 3443 842 3500 graece
864 3420 1016 3500 cuoptpoc
1032 3443 1080 3482 so·

156 3520 214 3569 nat.
245 3512 368 3593 Denique
384 3511 504 3590 legimus
520 3510 550 3570 iu
566 3511 664 3570 eoelem
677 3512 832 3582 luagmeuto
849 3510 971 3581 auinaue
985 3528 1086 3563 anua-m

146 3594 176 3669 (ι’.
194 3618 220 3662 e.
240 3603 284 3665 10
298 3606 399 3685 iugera
416 3602 476 3665 sive
494 3598 536 3662 30
552 3598 666 3659 molios
683 3590 818 3661 satottost
836 3581 1111 3650 eueeuaetouaua„
