2378 3930
317 228 517 274 scarrnonns
533 228 699 275 nonarius.
922 208 965 277 23

44 368 108 425 dem
134 368 270 424 sententia
290 364 439 425 Dardanius
465 368 517 424 iste
545 367 714 442 appelletur,
745 367 874 443 quoniam
897 367 965 442 Lydi

45 452 206 511 auctoritati
228 451 332 508 accedit
346 449 551 525 Guelferbytani
572 451 674 509 codicis
694 453 830 527 scriptura
853 451 881 509 in
902 468 965 508 ean·

44 538 109 594 ‹lem
123 535 239 593 formam
255 530 466 607 consentiens³).
498 535 551 592 Sed
568 543 658 593 tamen
675 536 746 594 illam
764 536 878 593 iormam
896 553 965 610 quae

46 639 121 678 nunc
141 620 263 677 omnium
284 637 338 676 usu
353 619 442 677 lertur
456 637 511 676 non
527 621 605 695 prius
623 620 800 678 abiiciendam
816 637 876 677 esse
892 620 966 691 duri,

44 723 130 781 quam
161 703 277 762 aliorum
304 704 404 761 iudicio
430 703 499 762 haec
523 722 582 762 mea
606 705 764 763 coniectura
790 705 964 780 probaretur.
1007 754 1012 761 .

45 792 118 847 ‘lum
139 788 171 845 de
192 788 306 846 [tardani
327 796 415 846 aetate
437 789 630 864 quaerentibus
651 792 717 848 satis
737 797 845 847 constat
869 789 966 846 vixisse

45 891 111 932 eum
127 875 291 948 scriptorem
308 873 449 948 aliquanto
465 882 530 948 post
545 875 716 932 Constantini
732 882 866 948 tempora,
881 873 908 930 id
925 881 967 930 est

44 967 149 1034 quarto
172 958 280 1016 saeculo
303 967 419 1015 exeunte
436 957 476 1016 vel
498 960 608 1016 ineunte
623 953 757 1036 quinto⁴).
790 957 906 1033 Scripsit
920 975 968 1014 au·
1017 980 1021 985 ·

48 1051 115 1113 tem,
131 1050 162 1099 ut
177 1038 294 1117 Lydus⁵l
313 1042 403 1113 tradit,
420 1043 453 1100 de
469 1043 652 1118 ponderibuS,
670 1061 724 1120 quo
741 1061 773 1101 ex
790 1042 861 1099 libro
878 1051 905 1099 et
921 1041 967 1098 illa

46 1135 157 1184 serrata
181 1136 245 1184 suut
269 1144 338 1201 quae
358 1128 515 1185 Priscianus
536 1129 681 1202 exscripsit
704 1127 748 1200 (de
769 1127 814 1202 dg.
833 1126 851 1199 S
868 1126 918 1198 10)
940 1133 968 1182 et

48 1213 116 1268 baec
132 1211 232 1284 abydo
248 1212 370 1269 laudata:
391 1207 410 1271 ὁ
428 1207 463 1271 δὲ
472 1206 657 1285 Δαρδὰνιοε
673 1206 708 1272 ἐν
728 1213 774 1291 τῷ
791 1206 863 1284 περὶ
877 1209 967 1270 (ταθ-

47 1293 120 1370 ,ιιῶν
141 1290 251 1369 χιλίων
274 1290 404 1370 ὀβολῶν
426 1290 510 1366 λέγει
528 1290 625 1355 πάλαι
642 1291 787 1366 γενέιθαι
808 1291 846 1354 τὸ
867 1292 966 1369 μιλια-

50 1375 153 1454 pictor
168 1375 218 1438 καὶ
234 1375 300 1441 ἀπὸ
314 1378 369 1452 τῆς
385 1375 527 1454 χιλιάδος
542 1379 609 1440 τῶν
625 1374 756 1454 ὀβολῶν
769 1373 874 1438 οὕτως
889 1374 967 1439 ὀνο-

1 1512 5 1517 .
49 1462 213 1538 μαεθῆναι.
244 1465 317 1534 Quae
331 1482 386 1521 non
404 1473 478 1522 recte
495 1465 527 1520 ab
546 1464 594 1520 illo
610 1465 710 1539 scripta
723 1481 844 1521 essenos
857 1464 969 1521 meliora

50 1550 143 1606 edocti
166 1552 216 1605 iam
237 1557 409 1624 compertum
429 1548 576 1618 habemus,
607 1566 658 1605 nec
678 1551 764 1622 magis
784 1548 895 1622 probari
917 1548 970 1605 ista

51 1641 171 1705 possunt
196 1651 375 1707 quaecuuque
401 1632 472 1707 apud
493 1633 662 1690 Priscianum
689 1633 792 1690 diversa
818 1650 832 1688 a
854 1630 969 1706 reliquis

50 1718 211 1775 auctoribus
227 1718 365 1774 llardauus
384 1717 475 1775 tradit.

115 1820 149 1876 lto
170 1820 297 1893 Didymo,
326 1821 404 1875 cuius
428 1818 499 1874 libro
524 1812 596 1890 aspi
617 1814 673 1889 τῆς
693 1812 781 1891 παρὰ
801 1811 970 1887 Ῥωμαίοις

51 1897 228 1973 ἀναλογία(
251 1903 407 1960 Priscianus
434 1910 462 1958 et
488 1901 541 1958 hoo
567 1902 628 1957 loeo
650 1905 726 1957 etin
750 1899 970 1957 institutionibus

52 1989 237 2062 grammaticis
258 1986 422 2060 aliquotiens
443 2002 510 2041 usus
533 1993 591 2054 est,
619 1985 686 2040 nibil
708 1986 767 2058 ipse
788 1984 875 2040 babeo
897 1983 971 2057 quod

53 2073 166 2141 addam,
183 2072 311 2145 quoniam
327 2072 354 2125 in
369 2068 494 2126 omuibus
510 2068 567 2124 lere
584 2068 738 2143 adstipulor
754 2067 786 2123 H.
801 2066 906 2138 Keilio,
923 2066 971 2140 qui

53 2164 120 2230 post
133 2155 169 2210 ll.
179 2154 356 2210 Schmidtium
372 2169 467 2210 novam
481 2154 515 2209 de
532 2169 565 2209 eo
581 2153 715 2227 scriptore
727 2151 915 2226 quaestionem
930 2153 972 2207 in·

50 2241 154 2296 stituit.
186 2238 259 2295 Unde
280 2237 323 2294 hic
337 2236 463 2313 Didymus
485 2236 751 2299 nonGlralcenterus
775 2236 820 2293 ille
845 2235 971 2310 plurimis

54 2324 167 2398 scriptis
184 2322 301 2391 nobilis,
323 2323 370 2379 sed
388 2322 453 2380 ciris
468 2321 622 2393 Romanus,
643 2322 743 2379 Neroni
765 2329 793 2379 et
808 2320 928 2395 aequalis
943 2328 972 2376 et

55 2418 138 2465 notus
154 2408 239 2464 luisse
255 2401 396 2483 videtur⁸).
426 2404 499 2474 Quae
511 2414 602 2464 autem
614 2406 713 2464 Graeca
726 2406 807 2463 rerba
817 2406 971 2463 Priscianus

124 2639 150 2703 3)
169 2641 207 2690 Ut
225 2637 382 2704 Δαρδάνιο(
406 2638 510 2704 legitur
533 2638 606 2703 apud
628 2637 748 2702 Lydum,
772 2638 813 2687 ita
832 2636 973 2687 Gudianus

33 2707 145 2759 -codex
167 2710 216 2758 132
247 2724 278 2758 eo
301 2708 364 2757 loco
389 2707 436 2772 qui
460 2705 533 2772 apud
557 2705 678 2755 Keilium
702 2709 745 2755 est
768 2720 795 2770 p.
812 2705 863 2755 409
882 2719 921 2754 vs.
940 2706 975 2755 30

57 2774 83 2839 (ξ
103 2775 144 2838 14)
163 2775 250 2825 habet
268 2770 399 2825 dardairia‘r
420 2777 447 2824 et
465 2775 493 2824 in
511 2772 679 2838 Erlangensi
697 2773 846 2822 Dardanius
864 2770 901 2836 (p.
913 2772 972 2832 408,

56 2842 90 2892 18
107 2842 192 2906 Keil.)
223 2847 379 2893 correctum
409 2845 450 2892 eet
480 2840 514 2891 ab
539 2841 630 2890 altere
652 2854 735 2888 manu
759 2839 843 2902 (Keil.
867 2843 975 2904 quaest.

55 2925 172 2975 gramm.
197 2925 224 2974 p.
242 2911 257 2960 8
277 2908 362 2973 adm).
402 2909 442 2959 Ac
465 2908 550 2958 multo
573 2906 746 2973 probabilius
770 2910 812 2957 est
834 2907 976 2957 Dardanos

57 2993 106 3042 pro
125 2979 273 3027 Dardanios
296 2992 382 3042 prave
406 2976 538 3040 scriptum
557 2990 573 3024 a
592 2974 715 3024 librariis
732 2973 851 3039 Vergilii
874 2988 974 3024 memo·

54 3044 148 3107 ribus,
169 3061 251 3110 quam
270 3049 366 3094 contra
384 3043 437 3094 hoc
457 3042 556 3093 exilio
576 3047 732 3106 corruptum
752 3056 821 3091 esse.

125 3111 152 3176 4)
184 3111 264 3162 Conf.
295 3112 380 3161 Henr.
413 3109 485 3162 Keil.
516 3110 694 3174 quaestiones
723 3112 867 3174 grammat.
895 3126 921 3174 p.
948 3111 973 3172 9,

56 3180 218 3231 Mommsen.
237 3180 301 3231 hist.
313 3179 391 3231 Rom.
410 3179 451 3228 rei
469 3192 568 3227 numm.
582 3193 607 3242 p.
621 3180 679 3238 tao,
698 3181 820 3226 nostrum
840 3190 976 3226 commen·

57 3248 160 3298 tarium
178 3249 207 3296 in
224 3245 324 3296 Philol.
344 3262 371 3312 p.
390 3248 439 3297 207
459 3244 520 3295 adn.
540 3247 563 3295 7.

127 3315 153 3376 5)
172 3317 215 3365 De
234 3314 375 3364 mensibus
392 3315 418 3378 4,
437 3316 452 3363 9
472 3317 541 3362 extr.

126 3380 154 3445 6)
173 3383 206 3433 V.
226 3381 312 3431 Keilii
335 3385 442 3447 quaest.
461 3396 574 3447 gramm.
594 3396 621 3446 p.
641 3381 673 3431 1o
696 3378 822 3445 (Didymi
840 3378 939 3444 fragm.
960 3391 976 3426 a

56 3448 212 3500 Schmidtio
240 3449 358 3499 collecta
376 3465 402 3515 p.
421 3448 561 3512 345-49).
584 3473 618 3485 -
644 3449 800 3498 Praeterea
825 3446 874 3496 bic
900 3444 982 3493 iocus

52 3531 117 3564 esse
137 3517 253 3579 videtur,
275 3521 305 3566 ut
323 3533 539 3572 commemorem
549 3533 597 3572 me
616 3517 747 3571 consulto
756 3517 792 3566 'm
801 3510 1004 3581 quercuum

41 3579 113 3627 libri
132 3581 273 3635 volumine
292 3601 350 3638 non
368 3590 568 3658 quaesivisse,
587 3605 660 3643 num
668 3581 881 3653 Didymusitts
896 3576 1023 3626 utem.-
