<?xml version="1.0" encoding="UTF-8"?>
<!DOCTYPE html PUBLIC "-//W3C//DTD XHTML 1.0 Transitional//EN"
    "http://www.w3.org/TR/xhtml1/DTD/xhtml1-transitional.dtd">
<html xmlns="http://www.w3.org/1999/xhtml" xml:lang="en" lang="en">
 <head>
  <title>
</title>
<meta http-equiv="Content-Type" content="text/html;charset=utf-8" />
  <meta name='ocr-system' content='tesseract 3.04.00' />
  <meta name='ocr-capabilities' content='ocr_page ocr_carea ocr_par ocr_line ocrx_word'/>
</head>
<body>
  <div class='ocr_page' id='page_1' title='image "./pomponiimelaede02melagoog_0302.png"; bbox 0 0 2378 3930; ppageno 0'>
   <div class='ocr_carea' id='block_1_1' title="bbox 43 144 957 239">
    <p class='ocr_par' dir='ltr' id='par_1_1' title="bbox 43 144 957 239">
     <span class='ocr_line' id='line_1_1' title="bbox 43 144 957 239; baseline 0.009 -34"><span class='ocrx_word' id='word_1_1' title='bbox 43 144 122 231; x_wconf 84' lang='lat'>[141]</span> <span class='ocrx_word' id='word_1_2' title='bbox 141 165 359 209; x_wconf 80' lang='lat' dir='ltr'>csnvrrunsro</span> <span class='ocrx_word' id='word_1_3' title='bbox 373 166 566 239; x_wconf 68' lang='lat' dir='ltr'>amputauit</span> <span class='ocrx_word' id='word_1_4' title='bbox 575 167 871 237; x_wconf 72' lang='lat' dir='ltr'>xcnxsnnnmxnup.</span> <span class='ocrx_word' id='word_1_5' title='bbox 895 146 957 213; x_wconf 83' lang='lat'>145</span> 
     </span>
    </p>
   </div>
   <div class='ocr_carea' id='block_1_2' title="bbox 4 298 1031 3217">
    <p class='ocr_par' dir='ltr' id='par_1_2' title="bbox 43 298 990 985">
     <span class='ocr_line' id='line_1_2' title="bbox 44 298 955 379; baseline 0.002 -20"><span class='ocrx_word' id='word_1_6' title='bbox 44 298 124 361; x_wconf 86' lang='lat' dir='ltr'>lasve</span> <span class='ocrx_word' id='word_1_7' title='bbox 155 299 309 370; x_wconf 80' lang='lat' dir='ltr'>dividitur,</span> <span class='ocrx_word' id='word_1_8' title='bbox 339 298 411 379; x_wconf 87' lang='lat' dir='ltr'>quas</span> <span class='ocrx_word' id='word_1_9' title='bbox 437 299 572 361; x_wconf 80' lang='lat' dir='ltr'>heminas</span> <span class='ocrx_word' id='word_1_10' title='bbox 597 318 747 362; x_wconf 81' lang='lat' dir='ltr'>vocamus.</span> <span class='ocrx_word' id='word_1_11' title='bbox 790 299 859 361; x_wconf 90' lang='lat' dir='ltr'>lanx</span> <span class='ocrx_word' id='word_1_12' title='bbox 886 318 955 362; x_wconf 86' lang='lat' dir='ltr'>rero</span> 
     </span>
     <span class='ocr_line' id='line_1_3' title="bbox 45 399 955 480; baseline 0 -17"><span class='ocrx_word' id='word_1_13' title='bbox 45 400 178 463; x_wconf 91' lang='lat' dir='ltr'>cotulave</span> <span class='ocrx_word' id='word_1_14' title='bbox 200 402 231 460; x_wconf 93' lang='lat' dir='ltr'>in</span> <span class='ocrx_word' id='word_1_15' title='bbox 255 400 312 461; x_wconf 91' lang='lat' dir='ltr'>duo</span> <span class='ocrx_word' id='word_1_16' title='bbox 336 399 487 463; x_wconf 89' lang='lat' dir='ltr'>acetabula</span> <span class='ocrx_word' id='word_1_17' title='bbox 502 400 691 480; x_wconf 76' lang='lat' dir='ltr'>oxybapbave</span> <span class='ocrx_word' id='word_1_18' title='bbox 707 400 852 463; x_wconf 87' lang='lat' dir='ltr'>dividitur.</span> <span class='ocrx_word' id='word_1_19' title='bbox 889 420 955 463; x_wconf 89' lang='lat' dir='ltr'>ace·</span> 
     </span>
     <span class='ocr_line' id='line_1_4' title="bbox 44 501 956 583; baseline 0.001 -21"><span class='ocrx_word' id='word_1_20' title='bbox 44 501 177 563; x_wconf 91' lang='lat' dir='ltr'>tabulum</span> <span class='ocrx_word' id='word_1_21' title='bbox 201 501 413 580; x_wconf 84' lang='lat' dir='ltr'>oxybapbome</span> <span class='ocrx_word' id='word_1_22' title='bbox 434 503 466 562; x_wconf 92' lang='lat' dir='ltr'>in</span> <span class='ocrx_word' id='word_1_23' title='bbox 488 509 549 564; x_wconf 90' lang='lat' dir='ltr'>tres</span> <span class='ocrx_word' id='word_1_24' title='bbox 572 503 693 564; x_wconf 87' lang='lat' dir='ltr'>cuatbos</span> <span class='ocrx_word' id='word_1_25' title='bbox 716 503 869 583; x_wconf 77' lang='lat' dir='ltr'>cyathosve</span> <span class='ocrx_word' id='word_1_26' title='bbox 885 503 956 563; x_wconf 87' lang='lat' dir='ltr'>diri·</span> 
     </span>
     <span class='ocr_line' id='line_1_5' title="bbox 44 602 955 684; baseline -0.001 -20"><span class='ocrx_word' id='word_1_27' title='bbox 44 623 111 667; x_wconf 90' lang='lat' dir='ltr'>sum</span> <span class='ocrx_word' id='word_1_28' title='bbox 144 612 196 664; x_wconf 88' lang='lat' dir='ltr'>est.</span> <span class='ocrx_word' id='word_1_29' title='bbox 247 603 368 663; x_wconf 87' lang='lat' dir='ltr'>cuatlrus</span> <span class='ocrx_word' id='word_1_30' title='bbox 398 602 553 682; x_wconf 76' lang='lat' dir='ltr'>cyathosre</span> <span class='ocrx_word' id='word_1_31' title='bbox 580 612 689 684; x_wconf 78' lang='lat' dir='ltr'>mystra</span> <span class='ocrx_word' id='word_1_32' title='bbox 720 612 847 683; x_wconf 91' lang='lat' dir='ltr'>quatuor</span> <span class='ocrx_word' id='word_1_33' title='bbox 879 603 955 671; x_wconf 85' lang='lat' dir='ltr'>lacit,</span> 
     </span>
     <span class='ocr_line' id='line_1_6' title="bbox 43 704 990 785; baseline -0.002 -17"><span class='ocrx_word' id='word_1_34' title='bbox 43 724 121 785; x_wconf 91' lang='lat' dir='ltr'>quae</span> <span class='ocrx_word' id='word_1_35' title='bbox 137 704 225 784; x_wconf 81' lang='lat' dir='ltr'><strong>lystra</strong></span> <span class='ocrx_word' id='word_1_36' title='bbox 242 705 358 781; x_wconf 87' lang='lat' dir='ltr'>quidam</span> <span class='ocrx_word' id='word_1_37' title='bbox 375 723 464 783; x_wconf 82' lang='lat' dir='ltr'>saepe</span> <span class='ocrx_word' id='word_1_38' title='bbox 479 707 654 766; x_wconf 74' lang='lat' dir='ltr'><strong>vocitarunt.</strong></span> <span class='ocrx_word' id='word_1_39' title='bbox 677 705 874 768; x_wconf 80' lang='lat' dir='ltr'><strong>cochlearium</strong></span> <span class='ocrx_word' id='word_1_40' title='bbox 887 724 956 766; x_wconf 82' lang='lat' dir='ltr'>vero</span> <span class='ocrx_word' id='word_1_41' title='bbox 975 710 990 759; x_wconf 78' lang='grc' dir='ltr'>ὅ</span> 
     </span>
     <span class='ocr_line' id='line_1_7' title="bbox 44 798 958 887; baseline -0.002 -19"><span class='ocrx_word' id='word_1_42' title='bbox 44 808 148 887; x_wconf 81' lang='lat' dir='ltr'>mystri</span> <span class='ocrx_word' id='word_1_43' title='bbox 165 806 316 866; x_wconf 91' lang='lat' dir='ltr'>dimidium</span> <span class='ocrx_word' id='word_1_44' title='bbox 334 814 387 866; x_wconf 90' lang='lat' dir='ltr'>est.</span> <span class='ocrx_word' id='word_1_45' title='bbox 425 809 569 867; x_wconf 91' lang='lat' dir='ltr'>sextarius</span> <span class='ocrx_word' id='word_1_46' title='bbox 590 824 661 884; x_wconf 83' lang='lat' dir='ltr'>ergo</span> <span class='ocrx_word' id='word_1_47' title='bbox 677 798 809 868; x_wconf 81' lang='lat' dir='ltr'>xestesre</span> <span class='ocrx_word' id='word_1_48' title='bbox 824 808 854 867; x_wconf 94' lang='lat' dir='ltr'>in</span> <span class='ocrx_word' id='word_1_49' title='bbox 869 808 958 868; x_wconf 91' lang='lat' dir='ltr'>coch-</span> 
     </span>
     <span class='ocr_line' id='line_1_8' title="bbox 45 907 596 985; baseline 0 -17"><span class='ocrx_word' id='word_1_50' title='bbox 45 909 136 969; x_wconf 88' lang='lat' dir='ltr'>learia</span> <span class='ocrx_word' id='word_1_51' title='bbox 160 927 211 968; x_wconf 90' lang='lat' dir='ltr'>sex</span> <span class='ocrx_word' id='word_1_52' title='bbox 235 917 263 968; x_wconf 90' lang='lat' dir='ltr'>et</span> <span class='ocrx_word' id='word_1_53' title='bbox 285 908 443 985; x_wconf 80' lang='lat' dir='ltr'>nonaginta</span> <span class='ocrx_word' id='word_1_54' title='bbox 467 907 596 968; x_wconf 89' lang='lat' dir='ltr'>solvitur.</span> 
     </span>
    </p>

    <p class='ocr_par' dir='ltr' id='par_1_3' title="bbox 4 1004 1008 1681">
     <span class='ocr_line' id='line_1_9' title="bbox 4 1004 957 1082; baseline 0 -11"><span class='ocrx_word' id='word_1_55' title='bbox 4 1004 8 1011; x_wconf 80' lang='grc'><strong>’</strong></span> <span class='ocrx_word' id='word_1_56' title='bbox 111 1008 158 1071; x_wconf 86' lang='grc'>13.</span> <span class='ocrx_word' id='word_1_57' title='bbox 189 1010 344 1070; x_wconf 82' lang='lat' dir='ltr'>Mensurae</span> <span class='ocrx_word' id='word_1_58' title='bbox 375 1012 461 1071; x_wconf 88' lang='lat' dir='ltr'>etiam</span> <span class='ocrx_word' id='word_1_59' title='bbox 493 1009 548 1071; x_wconf 87' lang='lat' dir='ltr'>olei</span> <span class='ocrx_word' id='word_1_60' title='bbox 578 1008 711 1070; x_wconf 89' lang='lat' dir='ltr'>similiter</span> <span class='ocrx_word' id='word_1_61' title='bbox 739 1009 867 1082; x_wconf 89' lang='lat' dir='ltr'>habent,</span> <span class='ocrx_word' id='word_1_62' title='bbox 902 1012 957 1071; x_wconf 89' lang='lat' dir='ltr'>nisi</span> 
     </span>
     <span class='ocr_line' id='line_1_10' title="bbox 45 1109 958 1191; baseline 0 -20"><span class='ocrx_word' id='word_1_63' title='bbox 45 1110 124 1191; x_wconf 85' lang='lat' dir='ltr'>quod</span> <span class='ocrx_word' id='word_1_64' title='bbox 153 1130 167 1170; x_wconf 90' lang='lat' dir='ltr'>a</span> <span class='ocrx_word' id='word_1_65' title='bbox 198 1112 367 1171; x_wconf 91' lang='lat' dir='ltr'>centenario</span> <span class='ocrx_word' id='word_1_66' title='bbox 396 1112 575 1190; x_wconf 91' lang='lat' dir='ltr'>principium</span> <span class='ocrx_word' id='word_1_67' title='bbox 602 1109 727 1181; x_wconf 90' lang='lat' dir='ltr'>habent,</span> <span class='ocrx_word' id='word_1_68' title='bbox 760 1111 838 1191; x_wconf 91' lang='lat' dir='ltr'>quod</span> <span class='ocrx_word' id='word_1_69' title='bbox 867 1110 958 1172; x_wconf 90' lang='lat' dir='ltr'>libras</span> 
     </span>
     <span class='ocr_line' id='line_1_11' title="bbox 46 1194 1008 1275; baseline 0 -1"><span class='ocrx_word' id='word_1_70' title='bbox 46 1221 164 1274; x_wconf 90' lang='lat' dir='ltr'>centum</span> <span class='ocrx_word' id='word_1_71' title='bbox 192 1211 290 1272; x_wconf 89' lang='lat' dir='ltr'>babet.</span> <span class='ocrx_word' id='word_1_72' title='bbox 337 1220 477 1273; x_wconf 87' lang='lat' dir='ltr'>metretes</span> <span class='ocrx_word' id='word_1_73' title='bbox 506 1194 603 1273; x_wconf 84' lang='lat' dir='ltr'>autern</span> <span class='ocrx_word' id='word_1_74' title='bbox 632 1212 761 1274; x_wconf 90' lang='lat' dir='ltr'>olearius</span> <span class='ocrx_word' id='word_1_75' title='bbox 787 1212 877 1275; x_wconf 92' lang='lat' dir='ltr'>huius</span> <span class='ocrx_word' id='word_1_76' title='bbox 904 1214 957 1274; x_wconf 93' lang='lat' dir='ltr'>du·</span> <span class='ocrx_word' id='word_1_77' title='bbox 976 1217 1008 1265; x_wconf 88' lang='lat'>10</span> 
     </span>
     <span class='ocr_line' id='line_1_12' title="bbox 45 1314 956 1395; baseline 0 -21"><span class='ocrx_word' id='word_1_78' title='bbox 45 1315 113 1395; x_wconf 91' lang='lat' dir='ltr'>plus</span> <span class='ocrx_word' id='word_1_79' title='bbox 136 1321 188 1384; x_wconf 89' lang='lat' dir='ltr'>est,</span> <span class='ocrx_word' id='word_1_80' title='bbox 213 1320 327 1374; x_wconf 90' lang='lat' dir='ltr'>caetera</span> <span class='ocrx_word' id='word_1_81' title='bbox 350 1332 420 1375; x_wconf 89' lang='lat' dir='ltr'>vero</span> <span class='ocrx_word' id='word_1_82' title='bbox 443 1315 631 1376; x_wconf 86' lang='lat' dir='ltr'>concordant.</span> <span class='ocrx_word' id='word_1_83' title='bbox 669 1332 755 1393; x_wconf 85' lang='lat' dir='ltr'>quam</span> <span class='ocrx_word' id='word_1_84' title='bbox 778 1314 857 1374; x_wconf 90' lang='lat' dir='ltr'>enim</span> <span class='ocrx_word' id='word_1_85' title='bbox 878 1332 956 1374; x_wconf 94' lang='lat' dir='ltr'>com-</span> 
     </span>
     <span class='ocr_line' id='line_1_13' title="bbox 45 1414 955 1496; baseline -0.001 -19"><span class='ocrx_word' id='word_1_86' title='bbox 45 1417 228 1496; x_wconf 79' lang='lat' dir='ltr'>parationem</span> <span class='ocrx_word' id='word_1_87' title='bbox 249 1417 430 1476; x_wconf 79' lang='lat' dir='ltr'>rationemve</span> <span class='ocrx_word' id='word_1_88' title='bbox 451 1414 544 1477; x_wconf 89' lang='lat' dir='ltr'>lihrae</span> <span class='ocrx_word' id='word_1_89' title='bbox 561 1417 676 1496; x_wconf 86' lang='lat' dir='ltr'>pondus</span> <span class='ocrx_word' id='word_1_90' title='bbox 692 1417 728 1476; x_wconf 92' lang='lat' dir='ltr'>ad</span> <span class='ocrx_word' id='word_1_91' title='bbox 744 1434 843 1476; x_wconf 89' lang='lat' dir='ltr'>mnam</span> <span class='ocrx_word' id='word_1_92' title='bbox 859 1414 955 1485; x_wconf 88' lang='lat' dir='ltr'>habet,</span> 
     </span>
     <span class='ocr_line' id='line_1_14' title="bbox 45 1516 958 1586; baseline -0.001 -9"><span class='ocrx_word' id='word_1_93' title='bbox 45 1517 139 1579; x_wconf 90' lang='lat' dir='ltr'>librae</span> <span class='ocrx_word' id='word_1_94' title='bbox 166 1535 304 1577; x_wconf 90' lang='lat' dir='ltr'>mensura</span> <span class='ocrx_word' id='word_1_95' title='bbox 334 1516 457 1577; x_wconf 90' lang='lat' dir='ltr'>eandem</span> <span class='ocrx_word' id='word_1_96' title='bbox 488 1518 524 1577; x_wconf 90' lang='lat' dir='ltr'>ad</span> <span class='ocrx_word' id='word_1_97' title='bbox 552 1517 678 1577; x_wconf 90' lang='lat' dir='ltr'>cotulam</span> <span class='ocrx_word' id='word_1_98' title='bbox 706 1516 810 1586; x_wconf 86' lang='lat' dir='ltr'>babet,</span> <span class='ocrx_word' id='word_1_99' title='bbox 839 1518 958 1577; x_wconf 87' lang='lat' dir='ltr'>sextarii</span> 
     </span>
     <span class='ocr_line' id='line_1_15' title="bbox 45 1618 496 1681; baseline -0.004 -1"><span class='ocrx_word' id='word_1_100' title='bbox 45 1619 156 1681; x_wconf 88' lang='lat' dir='ltr'>scilicet</span> <span class='ocrx_word' id='word_1_101' title='bbox 177 1625 311 1679; x_wconf 87' lang='lat' dir='ltr'>xestaeve</span> <span class='ocrx_word' id='word_1_102' title='bbox 334 1618 496 1679; x_wconf 91' lang='lat' dir='ltr'>dimidium.</span> 
     </span>
    </p>

    <p class='ocr_par' dir='ltr' id='par_1_4' title="bbox 44 1718 1010 2405">
     <span class='ocr_line' id='line_1_16' title="bbox 112 1718 1007 1781; baseline 0 0"><span class='ocrx_word' id='word_1_103' title='bbox 112 1718 160 1781; x_wconf 77' lang='lat'>14.</span> <span class='ocrx_word' id='word_1_104' title='bbox 184 1719 348 1781; x_wconf 83' lang='lat' dir='ltr'>bledimnus</span> <span class='ocrx_word' id='word_1_105' title='bbox 376 1727 472 1779; x_wconf 91' lang='lat' dir='ltr'>autem</span> <span class='ocrx_word' id='word_1_106' title='bbox 495 1722 606 1781; x_wconf 75' lang='lat' dir='ltr'>Atticus</span> <span class='ocrx_word' id='word_1_107' title='bbox 633 1719 747 1779; x_wconf 94' lang='lat' dir='ltr'>modios</span> <span class='ocrx_word' id='word_1_108' title='bbox 770 1738 821 1779; x_wconf 90' lang='lat' dir='ltr'>sex</span> <span class='ocrx_word' id='word_1_109' title='bbox 843 1718 1007 1781; x_wconf 82' lang='lat' dir='ltr'>ltalic0s15</span> 
     </span>
     <span class='ocr_line' id='line_1_17' title="bbox 44 1820 957 1901; baseline -0.002 -19"><span class='ocrx_word' id='word_1_110' title='bbox 44 1824 132 1901; x_wconf 88' lang='lat' dir='ltr'>capit.</span> <span class='ocrx_word' id='word_1_111' title='bbox 178 1822 293 1882; x_wconf 91' lang='lat' dir='ltr'>modius</span> <span class='ocrx_word' id='word_1_112' title='bbox 321 1829 417 1883; x_wconf 84' lang='lat' dir='ltr'>autem</span> <span class='ocrx_word' id='word_1_113' title='bbox 443 1821 565 1881; x_wconf 87' lang='lat' dir='ltr'>bectens</span> <span class='ocrx_word' id='word_1_114' title='bbox 586 1828 722 1891; x_wconf 81' lang='lat' dir='ltr'>vocatur,</span> <span class='ocrx_word' id='word_1_115' title='bbox 752 1823 801 1900; x_wconf 87' lang='lat' dir='ltr'>qui</span> <span class='ocrx_word' id='word_1_116' title='bbox 824 1820 883 1880; x_wconf 93' lang='lat' dir='ltr'>duo</span> <span class='ocrx_word' id='word_1_117' title='bbox 906 1820 957 1881; x_wconf 91' lang='lat' dir='ltr'>be·</span> 
     </span>
     <span class='ocr_line' id='line_1_18' title="bbox 45 1922 956 1984; baseline -0.002 -1"><span class='ocrx_word' id='word_1_118' title='bbox 45 1923 189 1983; x_wconf 87' lang='lat' dir='ltr'>mihectea</span> <span class='ocrx_word' id='word_1_119' title='bbox 205 1923 431 1984; x_wconf 89' lang='lat' dir='ltr'>semimodiosve</span> <span class='ocrx_word' id='word_1_120' title='bbox 448 1922 521 1983; x_wconf 93' lang='lat' dir='ltr'>duos</span> <span class='ocrx_word' id='word_1_121' title='bbox 537 1922 635 1982; x_wconf 89' lang='lat' dir='ltr'>babet.</span> <span class='ocrx_word' id='word_1_122' title='bbox 666 1922 872 1982; x_wconf 87' lang='lat' dir='ltr'>lremilrecteon</span> <span class='ocrx_word' id='word_1_123' title='bbox 889 1940 956 1982; x_wconf 87' lang='lat' dir='ltr'>vero</span> 
     </span>
     <span class='ocr_line' id='line_1_19' title="bbox 46 2023 958 2100; baseline -0.003 -14"><span class='ocrx_word' id='word_1_124' title='bbox 46 2025 203 2086; x_wconf 91' lang='lat' dir='ltr'>choenicas</span> <span class='ocrx_word' id='word_1_125' title='bbox 226 2033 352 2100; x_wconf 89' lang='lat' dir='ltr'>quatuor</span> <span class='ocrx_word' id='word_1_126' title='bbox 375 2023 472 2092; x_wconf 92' lang='lat' dir='ltr'>habet,</span> <span class='ocrx_word' id='word_1_127' title='bbox 498 2024 622 2083; x_wconf 84' lang='lat' dir='ltr'>choenix</span> <span class='ocrx_word' id='word_1_128' title='bbox 637 2032 734 2084; x_wconf 86' lang='lat' dir='ltr'>autem</span> <span class='ocrx_word' id='word_1_129' title='bbox 751 2025 894 2082; x_wconf 83' lang='lat' dir='ltr'>sextarios</span> <span class='ocrx_word' id='word_1_130' title='bbox 909 2040 958 2083; x_wconf 89' lang='lat' dir='ltr'>xe-</span> 
     </span>
     <span class='ocr_line' id='line_1_20' title="bbox 46 2125 959 2193; baseline -0.003 -6"><span class='ocrx_word' id='word_1_131' title='bbox 46 2137 142 2187; x_wconf 87' lang='lat' dir='ltr'>stasro</span> <span class='ocrx_word' id='word_1_132' title='bbox 171 2125 259 2193; x_wconf 86' lang='lat' dir='ltr'>duos,</span> <span class='ocrx_word' id='word_1_133' title='bbox 288 2127 329 2185; x_wconf 88' lang='lat' dir='ltr'>uti</span> <span class='ocrx_word' id='word_1_134' title='bbox 356 2125 470 2185; x_wconf 90' lang='lat' dir='ltr'>modius</span> <span class='ocrx_word' id='word_1_135' title='bbox 493 2127 529 2185; x_wconf 86' lang='lat' dir='ltr'>sit.</span> <span class='ocrx_word' id='word_1_136' title='bbox 551 2127 748 2186; x_wconf 82' lang='lat' dir='ltr'>sextariorum</span> <span class='ocrx_word' id='word_1_137' title='bbox 772 2131 959 2186; x_wconf 79' lang='lat' dir='ltr'>sestarumre</span> 
     </span>
     <span class='ocr_line' id='line_1_21' title="bbox 48 2225 1010 2306; baseline -0.002 -20"><span class='ocrx_word' id='word_1_138' title='bbox 48 2245 99 2286; x_wconf 92' lang='lat' dir='ltr'>sex</span> <span class='ocrx_word' id='word_1_139' title='bbox 122 2235 151 2285; x_wconf 90' lang='lat' dir='ltr'>et</span> <span class='ocrx_word' id='word_1_140' title='bbox 173 2225 284 2286; x_wconf 92' lang='lat' dir='ltr'>decem.</span> <span class='ocrx_word' id='word_1_141' title='bbox 331 2235 507 2306; x_wconf 90' lang='lat' dir='ltr'>caeteraque</span> <span class='ocrx_word' id='word_1_142' title='bbox 528 2234 622 2288; x_wconf 88' lang='lat' dir='ltr'>metra</span> <span class='ocrx_word' id='word_1_143' title='bbox 645 2244 837 2287; x_wconf 87' lang='lat' dir='ltr'>mensuraere</span> <span class='ocrx_word' id='word_1_144' title='bbox 864 2226 958 2286; x_wconf 90' lang='lat' dir='ltr'>sicco·</span> <span class='ocrx_word' id='word_1_145' title='bbox 977 2231 1010 2279; x_wconf 81' lang='lat'>20</span> 
     </span>
     <span class='ocr_line' id='line_1_22' title="bbox 48 2326 747 2405; baseline 0.001 -20"><span class='ocrx_word' id='word_1_146' title='bbox 48 2345 113 2386; x_wconf 92' lang='lat' dir='ltr'>rum</span> <span class='ocrx_word' id='word_1_147' title='bbox 137 2346 203 2388; x_wconf 93' lang='lat' dir='ltr'>cum</span> <span class='ocrx_word' id='word_1_148' title='bbox 227 2326 345 2405; x_wconf 82' lang='lat' dir='ltr'>liquidis</span> <span class='ocrx_word' id='word_1_149' title='bbox 368 2328 451 2389; x_wconf 90' lang='lat' dir='ltr'>dictis</span> <span class='ocrx_word' id='word_1_150' title='bbox 474 2327 606 2389; x_wconf 89' lang='lat' dir='ltr'>similiter</span> <span class='ocrx_word' id='word_1_151' title='bbox 628 2328 747 2389; x_wconf 86' lang='lat' dir='ltr'>habent.</span> 
     </span>
    </p>

    <p class='ocr_par' dir='ltr' id='par_1_5' title="bbox 46 2425 1031 2993">
     <span class='ocr_line' id='line_1_23' title="bbox 113 2425 958 2506; baseline 0 -18"><span class='ocrx_word' id='word_1_152' title='bbox 113 2425 161 2490; x_wconf 80' lang='lat'>15.</span> <span class='ocrx_word' id='word_1_153' title='bbox 184 2429 381 2490; x_wconf 82' lang='lat' dir='ltr'>Ptolomeicus</span> <span class='ocrx_word' id='word_1_154' title='bbox 404 2449 473 2490; x_wconf 90' lang='lat' dir='ltr'>vero</span> <span class='ocrx_word' id='word_1_155' title='bbox 497 2431 662 2491; x_wconf 86' lang='lat' dir='ltr'>medimnus</span> <span class='ocrx_word' id='word_1_156' title='bbox 678 2430 764 2490; x_wconf 78' lang='lat' dir='ltr'>Attici</span> <span class='ocrx_word' id='word_1_157' title='bbox 783 2429 958 2506; x_wconf 88' lang='lat' dir='ltr'>superdimi-</span> 
     </span>
     <span class='ocr_line' id='line_1_24' title="bbox 47 2530 1031 2610; baseline -0.001 -20"><span class='ocrx_word' id='word_1_158' title='bbox 47 2531 127 2590; x_wconf 88' lang='lat' dir='ltr'>dium</span> <span class='ocrx_word' id='word_1_159' title='bbox 152 2539 195 2591; x_wconf 86' lang='lat' dir='ltr'>est</span> <span class='ocrx_word' id='word_1_160' title='bbox 217 2530 427 2610; x_wconf 88' lang='lat' dir='ltr'>sesquialterve</span> <span class='ocrx_word' id='word_1_161' title='bbox 450 2550 502 2592; x_wconf 93' lang='lat' dir='ltr'>seu</span> <span class='ocrx_word' id='word_1_162' title='bbox 523 2531 693 2601; x_wconf 86' lang='lat' dir='ltr'>hemiolius,</span> <span class='ocrx_word' id='word_1_163' title='bbox 717 2549 827 2610; x_wconf 87' lang='lat' dir='ltr'>sexque</span> <span class='ocrx_word' id='word_1_164' title='bbox 850 2530 959 2591; x_wconf 93' lang='lat' dir='ltr'>artabis</span> <span class='ocrx_word' id='word_1_165' title='bbox 1027 2540 1031 2549; x_wconf 95' lang='grc'><strong>’</strong></span> 
     </span>
     <span class='ocr_line' id='line_1_25' title="bbox 47 2630 959 2712; baseline 0.002 -22"><span class='ocrx_word' id='word_1_166' title='bbox 47 2640 175 2698; x_wconf 91' lang='lat' dir='ltr'>constat;</span> <span class='ocrx_word' id='word_1_167' title='bbox 205 2633 256 2692; x_wconf 92' lang='lat' dir='ltr'>sed</span> <span class='ocrx_word' id='word_1_168' title='bbox 280 2635 386 2710; x_wconf 85' lang='lat' dir='ltr'>priscis</span> <span class='ocrx_word' id='word_1_169' title='bbox 409 2632 592 2712; x_wconf 88' lang='lat' dir='ltr'>temporibus</span> <span class='ocrx_word' id='word_1_170' title='bbox 615 2633 743 2699; x_wconf 91' lang='lat' dir='ltr'>duabus;</span> <span class='ocrx_word' id='word_1_171' title='bbox 768 2650 834 2691; x_wconf 88' lang='lat' dir='ltr'>narn</span> <span class='ocrx_word' id='word_1_172' title='bbox 859 2630 959 2692; x_wconf 88' lang='lat' dir='ltr'>artabe</span> 
     </span>
     <span class='ocr_line' id='line_1_26' title="bbox 47 2731 1010 2813; baseline -0.001 -22"><span class='ocrx_word' id='word_1_173' title='bbox 47 2731 213 2791; x_wconf 89' lang='lat' dir='ltr'>modiorum</span> <span class='ocrx_word' id='word_1_174' title='bbox 237 2733 405 2795; x_wconf 90' lang='lat' dir='ltr'>ltalicorum</span> <span class='ocrx_word' id='word_1_175' title='bbox 430 2745 556 2813; x_wconf 90' lang='lat' dir='ltr'>quatuor</span> <span class='ocrx_word' id='word_1_176' title='bbox 578 2742 607 2794; x_wconf 89' lang='lat' dir='ltr'>et</span> <span class='ocrx_word' id='word_1_177' title='bbox 622 2733 735 2793; x_wconf 89' lang='lat' dir='ltr'>dimidii</span> <span class='ocrx_word' id='word_1_178' title='bbox 750 2732 856 2801; x_wconf 84' lang='lat' dir='ltr'>iuerat,</span> <span class='ocrx_word' id='word_1_179' title='bbox 881 2750 958 2792; x_wconf 88' lang='lat' dir='ltr'>nuttc</span> <span class='ocrx_word' id='word_1_180' title='bbox 977 2737 1010 2785; x_wconf 77' lang='lat'>25</span> 
     </span>
     <span class='ocr_line' id='line_1_27' title="bbox 46 2833 959 2911; baseline 0.003 -21"><span class='ocrx_word' id='word_1_181' title='bbox 46 2849 117 2891; x_wconf 84' lang='lat' dir='ltr'>vero</span> <span class='ocrx_word' id='word_1_182' title='bbox 133 2842 255 2911; x_wconf 91' lang='lat' dir='ltr'>propter</span> <span class='ocrx_word' id='word_1_183' title='bbox 270 2835 436 2896; x_wconf 87' lang='lat' dir='ltr'>Romanum</span> <span class='ocrx_word' id='word_1_184' title='bbox 452 2854 537 2896; x_wconf 92' lang='lat' dir='ltr'>usum</span> <span class='ocrx_word' id='word_1_185' title='bbox 554 2834 673 2895; x_wconf 89' lang='lat' dir='ltr'>artabae</span> <span class='ocrx_word' id='word_1_186' title='bbox 688 2833 855 2893; x_wconf 89' lang='lat' dir='ltr'>modiorum</span> <span class='ocrx_word' id='word_1_187' title='bbox 871 2834 959 2894; x_wconf 88' lang='lat' dir='ltr'>trium</span> 
     </span>
     <span class='ocr_line' id='line_1_28' title="bbox 48 2941 126 2993; baseline 0 -1"><span class='ocrx_word' id='word_1_188' title='bbox 48 2941 126 2993; x_wconf 84' lang='lat' dir='ltr'>sunt.</span> 
     </span>
    </p>

    <p class='ocr_par' dir='ltr' id='par_1_6' title="bbox 48 3031 959 3217">
     <span class='ocr_line' id='line_1_29' title="bbox 114 3031 959 3114; baseline 0.004 -21"><span class='ocrx_word' id='word_1_189' title='bbox 114 3031 163 3093; x_wconf 79' lang='lat'>16.</span> <span class='ocrx_word' id='word_1_190' title='bbox 195 3033 286 3095; x_wconf 86' lang='lat' dir='ltr'>Coros</span> <span class='ocrx_word' id='word_1_191' title='bbox 309 3055 377 3096; x_wconf 88' lang='lat' dir='ltr'>roro</span> <span class='ocrx_word' id='word_1_192' title='bbox 401 3036 575 3097; x_wconf 91' lang='lat' dir='ltr'>Phoenicius</span> <span class='ocrx_word' id='word_1_193' title='bbox 603 3044 733 3096; x_wconf 89' lang='lat' dir='ltr'>satorum</span> <span class='ocrx_word' id='word_1_194' title='bbox 761 3037 878 3114; x_wconf 87' lang='lat' dir='ltr'>triginta</span> <span class='ocrx_word' id='word_1_195' title='bbox 901 3048 959 3105; x_wconf 92' lang='lat' dir='ltr'>est;</span> 
     </span>
     <span class='ocr_line' id='line_1_30' title="bbox 48 3131 958 3217; baseline 0.004 -21"><span class='ocrx_word' id='word_1_196' title='bbox 48 3142 134 3196; x_wconf 91' lang='lat' dir='ltr'>saton</span> <span class='ocrx_word' id='word_1_197' title='bbox 156 3153 224 3195; x_wconf 89' lang='lat' dir='ltr'>vero</span> <span class='ocrx_word' id='word_1_198' title='bbox 241 3131 484 3214; x_wconf 87' lang='lat' dir='ltr'>superdimidium</span> <span class='ocrx_word' id='word_1_199' title='bbox 501 3136 762 3217; x_wconf 82' lang='lat' dir='ltr'>sesquialterumve</span> <span class='ocrx_word' id='word_1_200' title='bbox 778 3158 831 3199; x_wconf 92' lang='lat' dir='ltr'>seu</span> <span class='ocrx_word' id='word_1_201' title='bbox 846 3139 958 3200; x_wconf 92' lang='lat' dir='ltr'>hemio-</span> 
     </span>
    </p>
   </div>
   <div class='ocr_carea' id='block_1_3' title="bbox 48 3234 1010 3399">
    <p class='ocr_par' dir='ltr' id='par_1_7' title="bbox 48 3234 1010 3399">
     <span class='ocr_line' id='line_1_31' title="bbox 48 3234 1010 3319; baseline 0.005 -24"><span class='ocrx_word' id='word_1_202' title='bbox 48 3234 119 3296; x_wconf 90' lang='lat' dir='ltr'>lium</span> <span class='ocrx_word' id='word_1_203' title='bbox 143 3237 234 3297; x_wconf 92' lang='lat' dir='ltr'>modii</span> <span class='ocrx_word' id='word_1_204' title='bbox 256 3245 308 3297; x_wconf 90' lang='lat' dir='ltr'>est.</span> <span class='ocrx_word' id='word_1_205' title='bbox 345 3247 428 3298; x_wconf 92' lang='lat' dir='ltr'>saton</span> <span class='ocrx_word' id='word_1_206' title='bbox 451 3247 548 3300; x_wconf 89' lang='lat' dir='ltr'>autem</span> <span class='ocrx_word' id='word_1_207' title='bbox 571 3245 739 3299; x_wconf 86' lang='lat' dir='ltr'>satorumre</span> <span class='ocrx_word' id='word_1_208' title='bbox 759 3259 871 3319; x_wconf 88' lang='lat' dir='ltr'>paucae</span> <span class='ocrx_word' id='word_1_209' title='bbox 893 3248 960 3301; x_wconf 90' lang='lat' dir='ltr'>sunt</span> <span class='ocrx_word' id='word_1_210' title='bbox 977 3246 1010 3294; x_wconf 90' lang='lat'>30</span> 
     </span>
     <span class='ocr_line' id='line_1_32' title="bbox 53 3337 243 3399; baseline 0.016 -3"><span class='ocrx_word' id='word_1_211' title='bbox 53 3337 243 3399; x_wconf 80' lang='lat' dir='ltr'>differentiae.</span> 
     </span>
    </p>
   </div>
   <div class='ocr_carea' id='block_1_4' title="bbox 69 3527 850 3672">
    <p class='ocr_par' dir='ltr' id='par_1_8' title="bbox 69 3527 850 3672">
     <span class='ocr_line' id='line_1_33' title="bbox 115 3527 668 3582; baseline 0.014 -8"><span class='ocrx_word' id='word_1_212' title='bbox 115 3528 157 3576; x_wconf 77' lang='lat'>24.</span> <span class='ocrx_word' id='word_1_213' title='bbox 177 3527 294 3578; x_wconf 79' lang='lat' dir='ltr'>artabae</span> <span class='ocrx_word' id='word_1_214' title='bbox 312 3528 351 3579; x_wconf 73' lang='lat' dir='ltr'>lto</span> <span class='ocrx_word' id='word_1_215' title='bbox 405 3529 448 3581; x_wconf 79' lang='lat'>25.</span> <span class='ocrx_word' id='word_1_216' title='bbox 467 3527 616 3581; x_wconf 67' lang='lat' dir='ltr'>dimidium</span> <span class='ocrx_word' id='word_1_217' title='bbox 628 3530 668 3582; x_wconf 88' lang='lat' dir='ltr'>Ro</span> 
     </span>
     <span class='ocr_line' id='line_1_34' title="bbox 69 3607 850 3672; baseline 0.017 -17"><span class='ocrx_word' id='word_1_218' title='bbox 69 3622 179 3661; x_wconf 73' lang='lat' dir='ltr'>scurra.</span> <span class='ocrx_word' id='word_1_219' title='bbox 200 3628 326 3667; x_wconf 74' lang='lat' dir='ltr'>maraon.</span> <span class='ocrx_word' id='word_1_220' title='bbox 348 3633 382 3672; x_wconf 91' lang='lat'>11.</span> <span class='ocrx_word' id='word_1_221' title='bbox 800 3607 850 3671; x_wconf 52' lang='grc' dir='ltr'>Ἦ</span> 
     </span>
    </p>
   </div>
   <div class='ocr_carea' id='block_1_5' title="bbox 0 0 1200 3930">
    <p class='ocr_par' dir='ltr' id='par_1_9' title="bbox 0 0 1200 3930">
     <span class='ocr_line' id='line_1_35' title="bbox 0 0 1200 3930; baseline 0 0"><span class='ocrx_word' id='word_1_222' title='bbox 0 0 1200 3930; x_wconf 95' lang='lat' dir='ltr'> </span> 
     </span>
    </p>
   </div>
  </div>
 </body>
</html>
