2378 3930
417 202 597 260 OCTAVIUS
616 220 639 258 c.
659 207 737 259 5-7.
1063 205 1083 269 9

70 372 151 429 sam,
170 349 246 414 dum
265 348 378 412 urbem
398 350 548 413 muniunt
565 370 729 413 sacrorum
743 349 964 436 religionibus,
983 348 1083 416 castis

69 437 265 524 uirginibus,
284 438 396 501 multis
415 437 593 503 honoribus
611 459 648 503 ao
662 438 849 504 nominibus
865 440 1084 524 sacerdotum3

71 528 148 592 dum
177 527 301 591 obsessi
329 530 363 590 et
390 527 470 591 citra
498 528 604 591 solum
632 523 830 611 Capitolium
858 530 946 613 capti
973 529 1085 594 colunt

72 616 159 697 deos,
183 636 264 700 quos
289 615 371 680 alius
394 615 460 679 iam
484 616 670 699 spreuisset,
692 617 742 681 uel
759 617 860 681 iratos
880 621 913 681 et
931 639 989 702 per
1008 616 1083 682 Gal·

43 721 57 762 5
72 705 179 769 lorum
198 703 283 768 acies
303 703 488 768 mirantium
503 704 747 788 superstitionis
762 705 930 770 audaciam
945 709 1085 790 pergunt

72 793 149 857 telis
172 792 320 875 inermes,
344 792 399 857 sed
422 793 511 857 cultu
534 792 703 876 religionis
727 794 858 877 armati3
881 793 956 859 dum
981 793 1084 878 ceptis

71 880 248 946 hostilibus
272 880 442 945 moenibus
466 880 570 946 adhue
592 880 768 946 ferociente
790 883 928 947 uictoria
950 884 1085 947 numina

71 971 160 1035 uicta
178 972 389 1052 uenerantur3
408 969 485 1032 dum
503 969 645 1054 undique
663 970 809 1053 hospites
829 970 905 1036 deos
925 975 1085 1055 quaerunt

72 1063 106 1123 et
128 1080 203 1124 suos
229 1057 366 1142 faciunt3
390 1058 467 1121 dum
490 1079 563 1122 eras
586 1062 739 1123 extruunt
761 1060 860 1124 etiam
884 1060 1004 1144 ignotis
1028 1082 1085 1123 nu-

31 1165 59 1204 10
73 1147 214 1212 minibus
238 1150 271 1210 et
293 1145 488 1211 inmanibus.
526 1147 573 1212 sic
596 1145 672 1210 dum
695 1148 920 1213 uniuersorum
939 1149 1083 1232 gentium
1104 1166 1119 1214 3

73 1258 167 1300 secra
197 1235 390 1319 suse‘miunt,
420 1235 520 1299 etiam
547 1257 649 1320 regna
676 1240 872 1301 meruerunt.
916 1237 993 1301 hine
1015 1259 1085 1320 per-

72 1329 188 1409 petuus
212 1324 430 1389 uenerationis
452 1327 548 1389 tenor
576 1325 738 1409 [mansit]‚
768 1326 824 1410 qui
851 1327 951 1410 longa
978 1330 1084 1391 aetate

71 1435 139 1478 non
161 1412 361 1497 infringitur,
385 1413 441 1477 sed
465 1417 616 1499 augetur3
641 1414 762 1497 quippe
786 1415 963 1498 antiquitas
987 1415 1084 1481 caeri-

73 1501 193 1565 moniis
226 1503 322 1583 atque
354 1500 439 1564 fanis
471 1504 600 1565 tantum
630 1503 814 1567 sanctitatis
841 1505 985 1568 tribuere
1012 1525 1085 1570 eon-

31 1608 59 1648 15
75 1588 182 1652 suauit
200 1592 357 1672 quantum
376 1588 521 1653 adseruit
539 1590 724 1654 uetustatis.
759 1612 820 1655 nec
837 1595 948 1655 tamen
962 1596 1084 1658 temere
1104 1591 1123 1658 7

75 1675 194 1760 (ausim
218 1676 304 1741 enim
326 1676 454 1741 interim
479 1679 512 1740 et
534 1677 604 1760 ipse
627 1699 735 1742 errare
759 1679 857 1743 etsie
877 1680 1085 1745 meliuseon·

73 1762 199 1852 cedere)
231 1764 371 1830 maiores
398 1763 505 1830 nostri
532 1769 590 1830 aut
616 1765 827 1831 obseruandis
857 1768 1002 1853 auguriis
1030 1772 1087 1832 aut

74 1855 156 1918 extis
185 1854 391 1919 consulendis
419 1857 476 1918 aut
502 1850 709 1919 instituendis
737 1856 837 1920 sacris
864 1862 921 1921 aut
944 1856 1085 1922 delubris

42 1966 45 1975 ¹
74 1942 258 2008 dedicandis
291 1963 425 2026 operam
456 1947 668 2008 nauauerunt.
720 1948 832 2027 specta
861 1945 900 2009 de
928 1946 1120 2010 memoriae

33 2051 60 2091 ro
73 2032 188 2097 libros:
210 2032 276 2096 iam
296 2053 350 2096 eos
369 2030 588 2114 deprehendes
606 2031 753 2097 initiasse
771 2033 854 2097 ritus
874 2035 1018 2098 omnium
1037 2055 1086 2098 re·

73 2120 241 2204 ligionum‚
264 2120 317 2184 uel
340 2123 378 2184 ut
400 2123 660 2184 remuneraretur
684 2120 795 2186 diuina
813 2121 1017 2206 indulgentia
1033 2124 1086 2187 uel

73 2213 110 2273 ut
139 2212 339 2273 auerteretur
365 2209 537 2273 imminens
564 2209 613 2272 ira
637 2209 782 2275 sutiam
804 2211 936 2275 inruens
961 2214 994 2275 et
1017 2232 1087 2274 sae-

73 2298 165 2362 uiens
198 2298 389 2381 placaretur.
434 2298 528 2362 testis
556 2300 661 2362 mater
688 2298 799 2383 Idaea,
832 2321 913 2384 quae
942 2300 1119 2368 aduentus

75 2408 132 2451 suo
162 2389 194 2450 et
221 2386 375 2469 probauit
401 2390 569 2452 matronae
597 2387 782 2453 castitatem
805 2393 838 2453 et
859 2389 971 2455 urbem
995 2392 1084 2454 metu

145 2637 162 2684 4
185 2632 232 2686 uel
255 2633 354 2687 addam
376 2632 434 2687 eall.
459 2631 575 2688 Senecae
598 2633 636 2687 ad
657 2633 799 2688 Marciam
823 2639 865 2699 13,
885 2639 901 2686 2
925 2634 1088 2702 (spreuisset

73 2701 161 2755 iratus
186 2702 334 2784 Woeaerae)
358 2704 367 2772 l
390 2709 406 2757 6
431 2703 522 2772 captis
543 2701 682 2785 durelina:
706 2705 784 2773 capti
801 2702 870 2785 in?
889 2705 980 2772 captis
997 2704 1027 2758 in
1045 2706 1085 2760 ed.

70 2789 115 2898 t·
127 2774 417 2912 limet..
428 2773 1087 2916 tatataatrattbtttttl

74 2919 126 2968 353
140 2930 195 2982 sqq.
219 2914 228 2982 l
248 2920 280 2967 11
301 2916 460 2968 mernerunt
476 2916 517 2971 ed.
533 2931 592 2985 pa:
610 2917 723 2970 merunt
740 2922 760 2968 Ρ
778 2915 902 2971 inierunt
921 2917 1064 2972 Mewrar'ue
1076 2916 1086 2989 ll

76 2992 108 3039 12
128 2985 232 3038 mansit
249 2984 346 3039 seclari
364 2985 501 3054 (manauit
515 2985 583 3041 I.I.
600 2984 813 3070 Cornelisseaas)
830 2991 835 3057 1
852 2988 913 3060 qui]
933 3005 1005 3058 quae
1025 2989 1086 3043 Use-

73 3072 166 3123 aerua,
184 3057 233 3124 qai
250 3060 275 3110 et
291 3071 355 3110 moa
373 3055 552 3126 antiquitust
568 3062 609 3112 13.
626 3064 659 3111 14
677 3058 836 3114 cerimoniis
853 3065 873 3111 1’
887 3061 896 3130 ΙΙ
911 3066 944 3114 15
963 3057 1087 3114 adseruit

74 3127 188 3196 scripsi:
216 3126 399 3181 adstrucserit
419 3132 440 3178 P
462 3143 496 3182 m.
516 3132 532 3181 1
556 3128 668 3195 (-xserit
689 3145 723 3183 m.
747 3131 791 3200 2),
815 3133 887 3200 quod
909 3147 943 3184 ex
966 3130 1087 3184 adstruit

74 3198 186 3266 seriptis
204 3213 291 3265 capra
309 3200 350 3251 stt
369 3198 467 3252 titteris
485 3214 508 3253 c.
529 3200 575 3267 (a
589 3200 662 3254 cora
679 3201 703 3265 e)
722 3217 765 3256 ser
783 3207 872 3256 omum
885 3207 959 3271 pata
972 3203 982 3268 11
996 3206 1030 3255 16
1045 3217 1086 3254 er·

74 3284 179 3323 rare-
192 3268 344 3323 concedere
352 3270 452 3337 empti
462 3272 560 3339 (capra
569 3287 600 3340 p.
676 3270 725 3340 lI):
740 3272 891 3327 concedere
902 3303 934 3312 —
946 3287 1040 3326 errare
1048 3277 1069 3323 Ρ
1077 3271 1088 3344 ΙΙ

76 3345 109 3394 17
134 3338 224 3394 nostri
246 3341 316 3393 utl’
338 3339 348 3408 ss
373 3345 405 3393 19
428 3340 463 3394 de
486 3341 622 3397 memoria
639 3341 726 3396 libros
743 3344 856 3413 scripsi.-
879 3343 914 3396 de
931 3341 1012 3396 libris
1029 3359 1087 3397 me·

75 3408 199 3466 moriar
218 3411 392 3478 (memoriam
410 3411 449 3466 ed.
468 3428 511 3480 pr.
531 3413 566 3468 de
584 3412 664 3466 libris
679 3414 747 3467 delet
762 3413 951 3482 Wopteaee'as)
966 3415 1023 3483 1121
1038 3416 1088 3469 aut

76 3480 133 3534 iam
157 3483 232 3549 (add.
254 3484 287 3535 ut
308 3498 329 3536 e.
349 3483 416 3551 1.)1²
437 3485 441 3549 1
461 3483 575 3538 inruens
593 3484 705 3555 scripsi:
722 3486 874 3540 tumens
894 3485 995 3550 tottam
1008 3484 1103 3532 turca-

71 3568 140 3604 aeaa
157 3555 202 3606 e'ra
220 3559 260 3606 ert
277 3555 395 3624 tameat)
410 3555 470 3625 1123
490 3555 557 3613 idea
576 3557 599 3630 ti
618 3557 715 3628 erasob
729 3561 766 3610 ἲ.
