2378 3930
365 210 538 267 EDITORIS
556 211 770 269 PRAEFATIO.
985 213 1077 268 XXXI

65 357 182 421 cabula
202 353 399 441 aCypriano
420 360 550 422 seruata
569 358 604 421 in
622 357 731 423 codice
750 355 898 423 Parisino
917 359 1078 423 obliuioni

65 446 143 509 sunt
170 444 291 509 tradita
316 450 446 529 recepta
468 446 502 509 in
525 450 651 510 textum
674 447 785 530 glossa
809 445 951 530 ‘potest',
979 447 1077 512 etiam

64 533 217 599 hocloco
236 532 341 598 inlato
360 534 395 598 in
417 535 591 600 uerborum
616 535 732 599 seriem
756 534 949 600 emblemate
971 536 1076 602 alieno

65 621 241 708 genuinam
260 621 394 687 Minucii
418 623 599 688 orationem
620 623 849 688 detrimentum
869 624 1000 707 cepisse,
1024 645 1076 688 ex·

63 710 175 794 pedita
198 714 248 776 est
270 711 416 795 suspitio.
450 715 483 775 et
500 732 573 776 ecee
592 712 751 780 succurrit
768 712 863 777 nobis
887 711 1076 777 remedium-

65 821 127 883 que
155 798 196 863 ad
224 799 342 864 uulnus
370 800 436 864 iam
462 821 500 864 ex
528 804 620 884 parte
647 801 769 866 urendo
793 804 941 866 curatum
969 822 1076 884 persa·
1140 799 1144 802 ’

62 886 206 952 nandum
234 887 420 971 suppeditat
446 888 678 973 Hieronymus,
707 889 762 974 qui
789 890 1013 954 commentarii
1041 890 1076 954 in

63 975 233 1041 Danielem
258 998 284 1041 e.
302 977 324 1040 4
346 975 426 1042 haee
450 977 576 1042 scribit:
599 976 737 1062 Scyllam
759 997 875 1060 qaoqae
892 983 921 1044 et
936 976 1074 1044 Ultimae-

62 1085 134 1130 ram
165 1071 255 1147 atace
283 1070 455 1148 centauros,
487 1086 561 1132 aces
587 1070 617 1131 et
644 1065 742 1146 feras,
773 1067 865 1148 [tores
890 1071 920 1131 et
944 1067 1076 1148 arboreo,

63 1154 166 1219 stellas
193 1159 223 1219 at
249 1154 365 1236 lapides
390 1154 490 1235 factas
516 1175 554 1220 ea
580 1154 756 1221 horninibus
782 1160 918 1221 narraret
941 1155 1075 1236 fabulae.

64 1262 215 1325 compara
241 1243 467 1326 praecedentia
494 1243 580 1328 apud
603 1242 782 1309 Minucium
811 1244 924 1309 uerba:
952 1266 990 1309 ex
1013 1243 1075 1309 hoc

63 1329 318 1414 Hieronymiana
336 1353 406 1396 esse
424 1333 543 1397 hausta
566 1331 647 1397 mihi
666 1333 829 1399 concedes.
855 1333 938 1397 nihil
958 1336 1076 1416 autem,

62 1423 100 1483 ut
122 1441 182 1503 par
206 1422 264 1501 est,
286 1419 325 1484 de
348 1419 534 1485 hominibus
558 1442 597 1485 ex
620 1421 807 1487 hominibus
829 1422 924 1487 factis
944 1421 1075 1486 exhibet

62 1507 295 1590 Hieronymus,
320 1528 387 1572 non
410 1509 580 1594 superfluis
605 1508 844 1594 additamentis,
867 1511 975 1594 qualia
999 1513 1076 1574 sunt

63 1593 200 1660 ‘omnes'
224 1595 276 1658 uel
299 1594 523 1680 ‘omnigenas',
546 1597 694 1662 onerauit
715 1619 832 1664 uocem·
852 1596 980 1681 ‘feras',
1007 1621 1075 1664 non

63 1683 175 1749 omisit
193 1683 410 1748 necessarium
429 1685 508 1749 illud
528 1683 649 1749 ‘factos
668 1684 759 1750 esse'.
788 1708 865 1750 nam
884 1685 970 1769 quod
988 1687 1074 1751 idem

61 1794 130 1837 non
149 1794 276 1836 summa
294 1794 366 1838 cum
386 1772 542 1858 religione
561 1772 697 1838 Minucii
715 1775 814 1838 uerba
832 1774 995 1857 excripsit,
1019 1774 1074 1839 sed

62 1861 97 1925 in
116 1861 213 1925 rebus
232 1861 375 1926 minimis
395 1860 499 1946 (utin
517 1862 691 1927 uerborum
710 1860 947 1947 conlocatione)
962 1863 1074 1950 paulu-

61 1949 129 2014 lum
162 1950 283 2034 uariat,
318 1949 352 2014 id
384 1972 462 2015 uero
487 1950 590 2016 -facile
627 1972 827 2016 excusamus.
871 1949 1073 2035 Hieronymo

61 2038 162 2124 igitur
185 2038 264 2104 duce
288 2061 381 2104 suum
404 2038 549 2104 Minucio
572 2039 705 2105 reddidi.

129 2149 154 2191 c.
173 2128 230 2211 21,
253 2128 274 2192 2
306 2127 457 2194 Proaaas
484 2129 662 2210 aderamptas
688 2129 723 2193 ia
750 2129 820 2193 deas
848 2127 989 2210 baudai,
1019 2129 1075 2211 qai

61 2217 193 2280 errando
219 2217 356 2282 iaceatis
383 2218 474 2282 naam
500 2216 644 2301 frugibus
666 2217 797 2282 utilitati
820 2216 981 2283 heminam
1001 2238 1074 2296 pro·

58 2304 195 2385 fueruat.
235 2304 289 2370 hio
312 2327 439 2391 quoque
464 2327 578 2371 uereor
604 2310 642 2371 ut
669 2305 805 2391 singulis
834 2305 943 2371 uerbis
965 2306 1074 2371 inmo

60 2396 172 2458 rantes
200 2393 375 2479 quidquam
404 2394 622 2479 proficiamus.
662 2398 749 2460 recte
778 2395 911 2481 quidem>
933 2394 1073 2461 Ursinus
1129 2477 1133 2484 ι

61 2480 232 2567 ‘frugibus'
260 2483 368 2567 eiecit,
403 2505 475 2548 cum
503 2483 658 2549 Prodicus
690 2485 729 2549 de
761 2484 911 2550 omnibus
940 2485 1072 2550 omnino

60 2571 213 2655 inuentis,
230 2572 350 2637 nonde
368 2593 434 2637 uno
448 2572 579 2657 frugum
597 2572 741 2651 inuento,
760 2573 967 2657 cogitauerit3
987 2576 1072 2637 recte

60 2659 190 2742 quidem
217 2660 298 2726 illud
322 2659 484 2726 ‘errando'
508 2661 777 2744 prudentissimus
806 2661 941 2744 quisque
969 2660 1072 2723 elimi-

59 2746 202 2811 nandum
233 2749 376 2834 putauit,
408 2748 568 2833 Sauppius
600 2749 635 2813 in
664 2747 816 2832 ‘quando'
846 2745 972 2832 (debuit
1002 2769 1073 2814 esse

61 2834 289 2920 aliquanda),
315 2836 478 2920 Hauptius
506 2837 540 2901 in
569 2836 755 2921 ‘certando'‚
783 2835 947 2902 Usenerus
976 2836 1072 2902 simul

60 2924 179 2989 eiciens
202 2925 237 2988 in
256 2923 400 2990 ‘arando'
419 2928 597 3011 mutantes3
621 2926 676 2991 sed
698 2926 750 2990 his
769 2925 921 2990 omnibus
944 2926 978 2990 id
1000 2928 1071 2990 tan·

59 3016 129 3076 tum
152 3013 315 3077 lucramur
336 3018 374 3078 ut
398 3013 516 3078 euadat
544 3014 704 3079 sententia
732 3014 816 3078 falsa
839 3017 872 3078 et
894 3014 1071 3079 abhorrens

60 3123 78 3165 a
104 3099 267 3167 Ciceronis
296 3102 403 3167 uerbis
431 3103 658 3187 apertissimis
685 3124 768 3188 quae
797 3125 816 3167 a
838 3102 981 3168 Minucio
1005 3123 1072 3167 non

59 3190 227 3256 intellecta
250 3212 321 3256 esse
343 3193 381 3256 ut
403 3213 569 3256 sumamus
588 3193 743 3276 cogimur.
781 3213 976 3276 quamquam
999 3191 1070 3255 illo·

59 3300 131 3342 rum
154 3279 298 3345 uirorum
321 3281 465 3346 rationes
483 3281 596 3366 utique
614 3280 802 3345 tolerabiles
824 3284 900 3345 sunt
922 3301 999 3363 prae
1023 3280 1069 3344 in·

60 3367 204 3432 credibili
228 3368 399 3433 Dombarti
423 3370 575 3455 artificio,
602 3369 658 3454 qui
680 3370 782 3434 uerba
804 3369 926 3434 tradita
947 3368 1071 3452 patiens

59 3454 184 3520 tissime
216 3457 323 3524 ferens
340 3458 501 3542 ,nihilque
532 3460 679 3544 priorum
706 3457 932 3524 dubitationes
957 3477 1081 3518 sumans

52 3544 102 3606 sie
125 3545 238 3608 uertit:
263 3544 397 3614 ‘welche
417 3547 478 3614 auf
498 3548 598 3619 ihren
613 3547 810 3617 imiahrten
829 3536 1111 3608 sensissem
