2378 3930
412 199 593 257 oeravrus
612 218 635 256 ο.
656 207 697 257 15.
718 208 760 258 re.
1046 205 1088 270 21

77 349 184 413 culum
210 351 273 431 est,
297 348 324 412 si
348 345 506 413 Caecilius
531 347 706 412 identidem
730 347 764 411 in
788 349 958 414 contrariis
983 371 1021 414 ae
1044 373 1093 415 re-

77 436 299 521 pugnantibus
327 437 465 502 iactetur
493 438 620 501 aestuet
645 437 826 503 fluctuetur.
863 439 947 522 quod
971 458 1013 502 ne
1035 439 1093 502 fiat

77 526 229 604 ulterius,
263 526 453 590 conuincam
486 528 520 589 et
551 526 744 609 redarguam
777 547 859 611 quae
892 525 979 591 dicta
1008 531 1094 612 sunt,

78 614 228 700 quamuis
237 614 366 679 diuersa
376 615 531 679 sintzuna
540 614 679 679 ueritate
689 615 880 680 confirmata
889 616 1092 701 probataque

48 720 137 767 onec
166 702 381 768 dubitandum
409 705 439 767 ei
468 703 507 767 de
535 706 641 768 cetero
666 707 798 769 estnec
820 704 1017 788 aagendam.
1058 708 1127 772 ets

76 792 231 876 quoniam
254 813 345 857 meus
363 789 465 857 frater
483 792 598 876 erupit,
622 813 718 877 aegre
738 813 772 856 se
790 793 876 858 ferre
895 792 1092 858 stomachari

78 881 269 966 [indignari]
304 881 426 965 dolere,
460 880 644 946 inliteratos
676 903 835 966 pauperes
867 881 1025 966 inperitos
1053 881 1093 947 de

75 970 173 1035 rebus
194 970 389 1035 caelestibus
409 968 585 1053 disputare,
609 970 691 1035 sciat
709 991 821 1035 omnes
839 970 1001 1055 homines,
1022 970 1092 1035 sine

76 1058 195 1124 dilectu
218 1058 336 1124 aetatis
361 1078 455 1123 sexus
479 1058 664 1143 dignitatis,
687 1060 825 1124 rationis
849 1063 883 1124 et
906 1080 1020 1124 sensus
1041 1080 1092 1125 ca·

35 1167 63 1205 10
77 1168 172 1232 paces
198 1153 230 1213 et
253 1147 378 1212 habiles
401 1151 591 1231 procreatos
615 1168 675 1212 nec
697 1147 828 1213 fortuna
854 1151 1007 1232 nanctus,
1035 1148 1091 1213 sed

76 1241 193 1301 natura
228 1237 371 1318 [insitos]
406 1257 478 1301 esse
510 1236 720 1321 sapientiam
758 1237 837 1322 quin
869 1238 960 1322 ipsos
993 1238 1093 1302 etiam

75 1325 289 1409 philosophos
315 1326 368 1390 uel
397 1326 503 1411 siqui
531 1325 589 1389 alii
616 1326 734 1390 artium
763 1329 945 1410 repertores
969 1327 1005 1390 in
1028 1347 1092 1392 me·

76 1414 197 1478 morias
225 1414 387 1494 exierunt,
414 1414 604 1498 priusquam
633 1415 777 1480 sollertia
800 1416 919 1480 mentis
942 1418 1094 1499 parerent

77 1502 219 1567 nominis
256 1501 453 1582 claritatem,
488 1502 620 1567 habitos
658 1525 728 1568 esse
764 1504 909 1586 plebeios
933 1504 1093 1569 ¹indoctos

36 1607 64 1649 rs
80 1589 278 1655 seminudos:
317 1589 395 1654 adeo
429 1589 547 1654 diuites
583 1589 795 1656 facultatibus
832 1592 900 1657 suis
937 1592 1093 1676 inligatos

78 1679 185 1763 magis
214 1699 328 1743 aurum
352 1678 514 1761 suspicere
538 1698 710 1743 consuesse
733 1700 830 1763 quam
854 1680 993 1764 caelum,
1020 1702 1092 1764 pro·

78 1772 198 1832 stratos
222 1787 381 1853 pauperes
405 1770 438 1830 et
461 1770 662 1831 commentos
686 1788 755 1832 esse
776 1769 951 1852 prudenter
974 1772 1006 1832 et
1028 1772 1093 1834 tra·

78 1855 200 1921 didisse
238 1855 353 1921 ceteris
390 1854 590 1939 disciplinas.
635 1856 721 1920 unde
758 1860 895 1939 apparet
927 1857 1094 1943 ingenium

78 1967 145 2010 non
168 1945 238 2009 dari
261 1944 472 2009 facultatibus
496 1964 555 2009 nec
579 1943 685 2009 studio
708 1946 828 2030 parari,
851 1946 906 2010 sed
926 1967 998 2010 eum
1021 1946 1093 2030 ipsa

37 2034 197 2099 sementis
216 2033 412 2098 formatione
433 2034 591 2119 generari.
623 2032 706 2097 nihil
727 2034 839 2117 itaque
858 2034 1093 2119 indignandum
1113 2054 1129 2102 s

78 2124 131 2188 uel
159 2122 348 2204 dolendum,
377 2121 405 2186 si
433 2121 625 2206 quicumque
654 2121 692 2186 de
722 2121 842 2187 diuinis
865 2129 1001 2207 quaerat
1023 2146 1094 2188 sen·

77 2211 216 2276 tentiam
239 2210 399 2295 proferat,
423 2231 496 2275 cum
518 2232 585 2276 non
603 2210 800 2294 disputantis
824 2212 1015 2296 auctoritas,
1038 2213 1094 2277 sed

79 2299 310 2385 disputationis
343 2300 446 2383 ipsius
477 2300 599 2365 ueritas
632 2300 823 2383 requiratur.
863 2304 960 2386 atque
987 2301 1095 2386 etiam,

79 2410 143 2474 quo
163 2388 348 2474 imperitior
366 2410 481 2468 sermo,
499 2388 563 2454 hoe
581 2389 752 2456 inlustrior
765 2389 850 2455 ratio
864 2394 923 2474 est,
942 2390 1095 2473 quoniam

39 2494 65 2535 2⁶
78 2499 146 2542 non
172 2477 302 2544 fucatur
329 2499 450 2562 pompa
476 2477 644 2542 facundiae
671 2481 703 2543 et
731 2479 851 2565 gratia,
880 2479 948 2564 sed,
977 2482 1013 2543 ut
1036 2483 1095 2559 est,

150 2639 166 2688 2
185 2637 296 2690 aestuet
314 2634 471 2690 Mearaias:
490 2637 569 2690 aestu
589 2637 618 2689 et
635 2640 655 2686 P
675 2636 685 2704 l
707 2641 722 2688 3
743 2634 918 2689 conuincam
935 2639 955 2685 P
975 2636 980 2702 l
1000 2635 1095 2690 redar-

79 2721 172 2776 guam.
197 2705 327 2774 quamuis
341 2704 453 2760 diuersa
467 2721 539 2774 quae
554 2703 632 2758 dicta
646 2707 712 2759 sunt
724 2721 782 2759 una
794 2704 915 2760 ueritate
930 2705 1095 2760 confirmata

78 2776 226 2846 pronataq.
246 2775 303 2829 sint
320 2792 373 2829 nec
391 2781 424 2844 P,
448 2777 571 2842 carresi3
590 2781 707 2844 apparet
724 2775 843 2831 scribam
861 2792 879 2830 a
898 2777 1019 2832 suntad
1037 2776 1094 2831 sint

79 2847 251 2902 comantem
269 2847 388 2901 omisisse
406 2847 492 2901 acrba
510 2846 639 2915 quamuis
658 2845 771 2901 diuersa
789 2847 856 2915 sint,
882 2863 952 2917 quqc
970 2848 1002 2902 ia
1018 2865 1092 2903 mar-

77 2919 141 2988 pina
160 2918 259 2974 addita
276 2917 347 2982 falso
367 2917 400 2970 ia
412 2921 515 2972 ustam
529 2918 660 2972 redierint
674 2918 813 2986 (quamuis
827 2918 884 2972 sint
897 2917 1009 2973 diuersa
1021 2937 1093 2988 quae

79 2989 156 3043 dicta
176 2988 243 3042 sunt
261 2987 321 3042 Iao.
343 2987 513 3058 Graeculus)
527 2991 566 3057 ub
586 2987 642 3058 est]
662 2988 717 3042 erit
735 2987 868 3044 Halmius
881 2991 921 3059 pt
941 2991 1093 3045 stomacari

77 3065 106 3127 P,
125 3060 207 3114 euius
223 3060 494 3127 iaderpratamcntum
511 3057 653 3128 indignari
670 3060 790 3131 seclusit}
806 3066 837 3114 11
856 3060 955 3115 insitos
973 3062 1071 3116 seclusi
1083 3060 1094 3134 ll

80 3136 112 3184 12
132 3129 288 3200 philosofos
307 3134 327 3180 P
347 3128 352 3199 l
376 3130 471 3184 malim
489 3130 652 3184 memoriam
672 3132 730 3186 coll.
750 3131 829 3186 Lact.
848 3132 862 3185 1
880 3136 914 3186 22
933 3148 978 3186 res
996 3132 1093 3186 tamen

77 3201 106 3255 in
131 3201 296 3256 memoriam
320 3216 376 3255 non
400 3201 486 3269 exire;
511 3202 623 3269 saepias
645 3203 678 3255 ia
700 3203 750 3256 hoe
766 3207 875 3258 tectas
897 3207 923 3258 et
940 3220 969 3255 m
988 3203 1095 3258 lineolis

76 3274 194 3342 scriptae
211 3271 360 3343 consasaall
372 3277 404 3326 13
420 3274 536 3326 exerunt
549 3277 569 3325 P
584 3289 617 3325 m.
633 3277 660 3339 1,
678 3273 752 3327 uada
765 3273 794 3327 in
808 3273 974 3329 memoriam
989 3290 1018 3329 se
1032 3289 1094 3328 exe·

76 3345 191 3398 ruerunt
201 3342 333 3398 Useacras
341 3343 391 3414 ltu
402 3343 530 3398 claritate
539 3348 560 3396 P
568 3360 603 3398 m.
613 3348 629 3396 1
638 3342 648 3414 ll
656 3349 689 3398 16
700 3347 855 3413 prostratos
865 3345 977 3413 scripsi.-
987 3346 1094 3399 nostra·

76 3415 148 3469 tesP
161 3417 171 3485 u
191 3419 232 3482 17,
249 3419 281 3469 18
295 3414 447 3484 prudenter
462 3443 495 3455 -
511 3413 673 3484 disciplinas
686 3416 897 3539 sempsilqsapra
908 3431 936 3483 p.
952 3414 1094 3484 XXVIII)=

78 3485 258 3555 prudentiam
269 3516 301 3525 -
313 3484 491 3555 disciplinam
501 3490 521 3536 P
533 3487 544 3555 l
557 3491 591 3540 21
608 3485 781 3542 sententiam
819 3486 955 3540 artaltsar
964 3487 1103 3536 assum

73 3571 147 3622 quae
159 3555 266 3611 sentiat
279 3556 445 3616 Lindnerus
460 3559 466 3630 l
482 3563 518 3615 25
532 3559 682 3631 fugaturP
699 3555 826 3630 lgrat'ra
838 3553 959 3622 scrispsit
971 3549 1136 3616 uxr-tw&-
