2378 3930
395 204 576 262 cnonoun.
594 204 622 259 11
640 211 657 260 4
676 208 804 277 (eo-aa)
1059 209 1103 275 43

85 368 289 455 Histonium3
303 368 413 436 Dauni
428 372 537 436 autem
550 367 736 433 Trifernum
751 390 888 450 amnem,
902 368 1103 458 Cliterniam,

84 457 251 543 Larinum,
265 459 413 525 Teanum
427 459 557 543 oppida,
570 461 777 542 montemque
791 456 989 544 Garganum.
1011 462 1103 526 sinus
1123 478 1156 527 ec

84 550 133 612 cst
155 549 314 614 continuo
332 547 443 632 Apulo
461 547 557 611 litore
576 545 738 611 incinctus
756 547 888 612 nomine
906 547 1012 633 Urias,
1035 571 1103 615 mo·

83 634 172 701 dicus
201 658 217 701 s
260 637 310 702 tio
337 637 494 720 plerane
521 656 617 719 asper
641 654 785 719 accessu,
813 639 905 699 extra
929 634 1103 721 Sipontum

60 727 141 788 aaut
157 727 197 790 ut
214 658 293 790 bini
311 725 420 790 dixere
432 657 618 808 Sipuntem,
638 725 671 787 et
687 723 808 788 flumen
826 724 912 808 qnod
926 722 1103 792 Canusium

83 811 258 899 adtingens
281 811 435 878 Aufidum
458 812 638 900 adpellant,
665 815 741 895 post
763 812 898 877 Barium
925 817 959 878 et
981 812 1103 880 Gnatia

84 903 115 965 et
141 900 254 967 Ennio
285 903 356 969 cive
386 901 515 966 nobiles
548 898 687 985 Rudiae,
719 904 752 964 et
782 902 850 965 iam
882 902 918 965 in
950 899 1103 968 Calabria

82 987 310 1074 Brundisium,
341 989 525 1073 Valetium,
556 989 695 1072 Lupiae,
726 989 858 1073 Hydrus
890 1012 1000 1076 mons,
1032 995 1103 1056 tum

82 1075 259 1145 Sallentini
291 1079 399 1162 campi
427 1081 460 1143 et
486 1076 668 1143 Sallentina
699 1078 799 1143 litora
830 1083 865 1144 et
892 1079 970 1145 urbs
1000 1079 1101 1145 Graia

49 1183 72 1225 ιο
81 1163 263 1251 Callipolis.
312 1168 477 1252 hucusque
503 1164 641 1251 Hadria,
671 1165 838 1251 bucusque
870 1167 987 1232 Italiae
1014 1169 1101 1235 latus
1121 1185 1154 1234 67

80 1254 224 1320 alterum
251 1257 402 1341 pertinet.
447 1255 538 1320 frons
567 1256 636 1320 eius
663 1255 783 1320 induo
811 1256 941 1341 quidem
969 1279 1004 1322 se
1032 1278 1101 1323 cor·

78 1364 154 1428 una,
178 1345 264 1409 sicut
286 1344 554 1430 supradiximus,
577 1343 711 1409 scindit:
736 1350 879 1409 ceterum
903 1367 992 1410 mare
1016 1346 1101 1430 quod

79 1431 167 1496 inter
202 1435 341 1519 utraque
377 1433 508 1498 admisit
541 1432 695 1497 tenuibus
730 1434 963 1515 promunturiis
1001 1435 1100 1499 semel

79 1520 265 1606 iterumque
288 1522 492 1607 distinguens
514 1542 582 1586 non
604 1542 669 1586 uno
693 1523 842 1606 margine
862 1523 1018 1606 circumit,
1041 1543 1101 1588 nec

43 1608 234 1675 udiffusum
268 1614 447 1696 patensque
484 1610 542 1674 sed
578 1630 636 1693 per
672 1610 761 1674 sinus
799 1610 922 1694 recipit.
977 1612 1101 1695 primus
1120 1625 1154 1676 68

78 1695 278 1764 Tarentinus
305 1698 424 1764 dicitur
450 1698 536 1762 inter
566 1699 793 1782 promunturia
820 1696 1037 1765 Sallentinum
1067 1703 1100 1763 et

76 1784 268 1871 Lacinium,
309 1788 344 1852 in
385 1808 487 1872 eoque
529 1791 606 1852 sunt
641 1787 822 1871 Tarentus,
862 1786 1100 1872 Metapontum,

77 1872 254 1960 Heraclea,
276 1873 393 1960 Croto,
422 1875 594 1940 Thurium:
622 1877 779 1940 secundus
804 1874 987 1959 Scyllaceus
1015 1877 1101 1941 inter

37 1963 839 2137 .{Subututtu..sstlffptutu
869 1969 1100 2118 ineunti

78 2138 278 2226 Zephyrium
302 2145 335 2206 et
356 2141 523 2206 Bruttium
552 2138 777 2225 Consentiam,
806 2137 1012 2224 Cauloniam,
1037 2139 1099 2205 Lo-

77 2248 215 2313 crosque
239 2230 426 2296 circumdat.
471 2231 507 2295 in
529 2229 661 2295 Bruttio
685 2232 762 2294 sunt
780 2227 941 2296 Columna
962 2229 1099 2316 Rhagia,

76 2314 255 2403 Rhegium,
283 2317 406 2403 Scylla,
435 2318 633 2383 Taurianum
662 2321 695 2382 et
722 2317 916 2383 Metaurum.
960 2318 1037 2384 hino
1064 2319 1099 2383 in
1118 2333 1151 2382 69

78 2402 222 2471 Tuscum
258 2428 347 2472 mare
383 2408 485 2472 flexus
523 2410 573 2471 est
610 2410 643 2471 et
684 2406 828 2471 eiusdem
863 2410 970 2472 terrae
1010 2409 1098 2472 latus

38 2510 65 2552 π
78 2494 231 2579 alterurn,
252 2493 428 2580 Maticana,
450 2494 653 2580 Hipponium
671 2494 809 2580 Vibone,
826 2495 970 2580 Temesa,
988 2494 1098 2561 Clam·

76 2584 184 2667 petia,
220 2583 365 2669 Blanda,
401 2583 604 2666 Buxentum,
644 2582 759 2667 Velia,
800 2583 974 2649 Palinurus
1017 2584 1097 2649 olim

77 2670 218 2756 Phrygii
232 2672 461 2757 gubernatoris
480 2694 565 2737 nunc
578 2672 642 2737 loci
655 2693 783 2755 nomen,
796 2671 977 2738 Paestanus
997 2673 1098 2756 sinus,

150 2833 174 2882 1.
188 2825 325 2883 istonium
338 2828 366 2883 A
379 2828 542 2884 Histonium
555 2844 576 2883 c
630 2826 794 2882 claterniam
808 2829 837 2882 A
851 2828 1014 2884 Cliterniam
1027 2846 1043 2884 u

76 2903 103 2953 2.
121 2897 260 2965 laurinum
282 2900 311 2954 A
334 2899 468 2954 Larinum
490 2915 511 2954 rc
582 2906 607 2954 4.
627 2898 768 2968 siponium
790 2899 819 2953 A
838 2899 987 2971 Sipontum
1005 2916 1026 2954 a

76 2974 101 3024 t.
122 2967 147 3023 ei
166 2967 258 3037 yllum
280 2970 309 3025 A
332 2970 479 3040 Sipuntem
502 2971 603 3041 scripsi
675 2974 699 3024 8.
723 2970 807 3040 lupae
832 2970 860 3024 A
882 2969 989 3040 Lupiae
1007 2988 1024 3025 o

78 3046 118 3097 17.
191 3039 197 3050 “
233 3056 281 3094 nm
307 3041 336 3094 A
414 3047 456 3096 18.
485 3041 584 3113 cretos]
599 3041 628 3095 A
682 3040 855 3108 scyllacaeus
881 3041 910 3095 A
933 3041 1096 3110 Scyllaceus

76 3127 93 3165 e
147 3116 191 3167 20.
207 3111 396 3179 scyllacaeum
409 3111 437 3166 A
492 3118 534 3167 21.
548 3112 633 3182 paulo
652 3111 709 3165 iam
722 3111 751 3166 A
765 3111 931 3167 Cauloniam
947 3113 1097 3169 Barbarus

151 3204 196 3254 23.
219 3200 363 3254 taur-imm
389 3199 418 3254 A
446 3200 615 3254 Taurianum
633 3186 789 3256 Barbarus
865 3208 909 3256 25.
933 3201 1041 3256 ionium
1068 3200 1096 3254 A

75 3268 252 3340 Hipponium
275 3271 430 3327 Pictiauus
500 3271 587 3326 vibon
611 3271 710 3325 eternis
733 3271 904 3342 aclampetia
925 3272 954 3326 A
977 3271 1095 3337 Vibone,

76 3340 192 3407 Temsa,
216 3339 374 3412 Clampetia
391 3342 518 3397 Bursian
536 3342 665 3410 (Temese
687 3344 795 3413 scripu)
869 3350 911 3400 26.
930 3342 1037 3399 blunda
1055 3342 1096 3395 A¹

77 3410 201 3465 ablunda
213 3411 254 3466 A’
268 3412 410 3468 Blandae
461 3413 624 3468 buxentium
638 3412 680 3466 A¹
693 3429 761 3468 corr.
777 3413 935 3469 Buxentum
948 3414 1096 3468 Barbarus

148 3487 191 3538 27.
209 3485 359 3553 prestanus
377 3484 405 3538 A
419 3483 571 3539 Paestanus
585 3501 602 3538 o
