2378 3930
163 188 207 255 42
477 189 709 255 raonrcoueue
729 210 763 255 ru

165 342 393 423 παραπληείωε
411 355 463 405 oet.
480 342 508 421 (S
528 347 673 407 13:112
689 349 746 419 81,
763 348 782 406 3
803 366 841 405 vs.
857 349 897 422 9).
934 348 983 407 Hie
1004 350 1077 407 enirn

164 435 193 489 in
207 433 384 490 Alexandrina
401 432 493 490 tabula
507 442 535 493 et
549 442 679 507 corrupte
693 442 721 490 et
736 433 831 489 mutile
844 434 947 507 scripta
963 426 1028 493 ἔετι
1040 430 1078 495 δὲ

71 569 74 575 .
164 511 183 576 ὁ
198 513 350 591 μετρητὴς
366 511 495 592 tuapte
509 511 648 577 tommo
663 510 748 591 ἔχων
763 508 809 583 ις’.
839 512 890 576 καὶ
902 514 1042 578 καλεῖται
1056 512 1076 578 ὁ

164 617 204 675 po
226 595 348 670 ἑκτεύες
372 602 467 659 Calvus
487 611 577 660 autem
594 603 682 659 multo
697 601 775 676 plura
792 603 819 659 in
837 603 907 659 libro
927 619 978 660 suo
994 603 1077 678 legit:

164 693 297 743 metretas
315 696 411 743 uatem
427 689 556 744 olearias
570 689 654 744 laius
673 688 776 760 duplas
793 697 850 758 cst,
874 696 992 744 caetera
1006 704 1077 745 acro

165 773 357 829 concordant.
390 790 476 845 quam
491 778 566 829 enim
585 779 830 845 comparationem
846 777 1026 829 rationemve
1041 776 1077 831 a·-

164 858 235 914 brac
252 858 367 930 poudas
381 858 422 912 ad
444 875 539 914 mnam
560 858 659 930 itabat,
680 857 775 915 librae
794 875 931 915 mensuro
953 862 1077 917 eandem

164 943 204 997 ad
226 944 351 999 cotulam
368 941 469 1013 dolet,
492 947 618 999 sectarii
633 945 747 1001 scilicet
760 953 897 1001 rectaene
912 944 1076 1001 dimidium.

163 1027 323 1083 Medimnas
338 1034 436 1084 cutem
450 1026 565 1084 Atticus
579 1027 690 1083 modios
704 1044 757 1083 sea
772 1028 892 1085 Italicos
907 1034 997 1100 capit.
1014 1045 1076 1085 mo-

164 1112 230 1168 dius
249 1121 345 1169 aetem
365 1114 482 1170 tacteus
503 1121 636 1169 vocatur.
680 1112 709 1168 In
730 1113 773 1169 his
794 1130 862 1188 quae
883 1113 915 1168 de
938 1113 1075 1170 medimno

162 1196 292 1270 leguntur
315 1198 373 1254 sine
395 1198 477 1254 dubio
500 1215 562 1254 vera
581 1215 612 1253 ac
632 1198 749 1271 genuina
771 1207 848 1254 sunt:
875 1198 946 1254 unde
967 1198 1075 1273 reliqua

163 1284 243 1338 etiam
265 1297 333 1355 quae
349 1282 443 1338 Calvus
463 1283 537 1339 addit
560 1282 668 1339 minime
690 1282 842 1356 spernenda
863 1299 924 1339 esse
949 1294 1072 1357 apparet.

161 1366 231 1422 Dixit
254 1374 332 1422 antea
352 1367 470 1439 scriptor
485 1366 680 1423 Alexandrinae
699 1366 806 1423 tabulae
820 1368 940 1440 itemque
955 1369 978 1423 is
995 1383 1076 1442 quem

162 1450 258 1506 Calvus
273 1452 407 1523 expressit
421 1466 563 1508 mensuras
576 1451 691 1508 olearias
704 1470 718 1507 a
730 1452 940 1526 centumpoudio
953 1452 1075 1509 Romano

161 1534 326 1609 principium
347 1534 454 1591 habere.
488 1535 517 1592 ld
538 1536 664 1610 equidem
685 1553 714 1592 re
740 1536 772 1592 ab
800 1537 924 1593 omnibus
950 1535 1075 1610 partibus

162 1618 332 1677 considerata
347 1618 426 1675 aliter
441 1621 567 1694 expedire
583 1638 637 1677 non
651 1637 763 1694 possum
779 1621 831 1677 nisi
848 1622 900 1677 hoc
914 1621 1007 1692 modo,
1024 1620 1075 1677 sub

127 1738 132 1746 ·
161 1705 351 1760 Romanorum·
366 1704 478 1777 imperio
502 1706 529 1760 in
555 1705 645 1779 aliqua
671 1705 810 1779 provincia
836 1723 894 1761 eam
920 1722 1075 1762 mensuram

162 1788 290 1845 oleariam
309 1804 377 1862 quac
391 1789 482 1845 Attico
507 1798 636 1846 metretae
658 1790 838 1863 responderet
854 1789 992 1846 definitam
1013 1807 1074 1846 esse

160 1873 270 1930 Cliluis
285 1873 412 1929 Romanis
431 1891 481 1948 pro
499 1870 615 1946 evum),
638 1874 724 1948 ipsam
739 1882 828 1930 autem
845 1874 897 1930 olei
916 1876 1075 1948 amphoram

161 1962 189 2015 iu
201 1960 292 2016 eadem
307 1959 446 2033 provincia
463 1958 513 2016 hac
525 1977 604 2034 quam
621 1958 674 2014 dixi
686 1960 838 2015 centenaria
851 1970 976 2015 mensura
989 1958 1073 2033 duplo

162 2046 291 2101 maiorem
313 2043 406 2100 luisse.
438 2042 508 2111 Quid
524 2045 626 2101 multa?
647 2046 674 2099 in
692 2046 816 2118 Aegypto
833 2043 924 2100 artaba
941 2046 1075 2101 vetustior

163 2125 243 2203 (prol.
259 2130 277 2200 S
295 2127 345 2200 39)
361 2128 481 2202 aequalis
498 2128 550 2185 init
564 2131 654 2185 Attico
673 2136 818 2200 metretae,
839 2129 906 2185 duae
924 2136 1014 2185 autem
1029 2145 1071 2185 ar·

162 2214 239 2270 tabae
260 2213 422 2269 medimnum
439 2214 602 2287 Aegyptium
623 2212 779 2270 effecerunt.
811 2215 864 2269 lam
886 2213 1073 2270 concludimus

162 2297 245 2352 inisse
265 2298 292 2351 in
313 2296 404 2352 eadem
421 2307 493 2353 terra
511 2300 647 2371 antIquam
664 2298 791 2354 oleariam
811 2314 964 2354 mensuram
979 2299 1074 2354 eodem

162 2381 241 2436 modo
256 2397 286 2436 ac
301 2380 473 2452 medimnum,
488 2383 554 2438 hanc
569 2391 658 2438 autom
675 2390 772 2455 postea
786 2383 938 2439 altonranis
953 2382 1074 2456 pondere

162 2464 199 2519 CC
215 2464 344 2519 librarum
366 2463 502 2520 definitam
523 2482 597 2535 esse,
624 2468 757 2538 cuiusque
772 2474 877 2539 partem
893 2466 1075 2522 uutxxxvttt

162 2547 223 2619 (vol.
240 2548 251 2604 I
266 2566 292 2622 p.
311 2546 381 2619 124)
398 2547 483 2603 luisse
500 2545 653 2625 cotylam⁴p
687 2551 776 2621 Haec,
797 2561 828 2607 ut
843 2551 1008 2625 significavi,
1026 2550 1075 2607 eli·

160 2766 215 2814 tito
233 2769 296 2815 sunt
315 2780 348 2814 ex
366 2764 399 2813 fr.
414 2765 454 2828 78,
467 2766 509 2827 20,
528 2765 575 2815 ubi
593 2762 699 2834 ἡνίον
693 2765 779 2815 habet
798 2766 893 2816 codex.
917 2767 986 2816 Tum
1000 2767 1074 2832 apud

161 2831 276 2883 Calvum
295 2833 310 2893 ς
329 2834 361 2882 15
383 2831 483 2882 vitiose
508 2833 603 2883 addita
625 2822 711 2884 verba
733 2849 831 2900 seoque
854 2835 952 2884 arladis
973 2841 1074 2885 constat

162 2907 190 2949 et
209 2900 308 2949 deinde
326 2904 389 2980 post
406 2901 543 2951 modiorum
562 2904 635 2951 triam
654 2901 756 2951 omissa
774 2902 883 2952 trientis
902 2906 981 2951 nota:
1001 2904 1076 2951 inte·

161 2984 210 3033 gra
228 2967 340 3017 hobes'
333 2984 362 3016 ιιι
374 2967 562 3019 Alexandrina
580 2969 676 3019 tabula
693 2985 720 3034 p.
733 2971 792 3032 258,
814 2970 845 3019 18
865 2974 893 3019 et
910 2972 951 3020 20.
987 2969 1073 3020 Porro

161 3036 233 3100 apud
258 3035 372 3087 Calvum
395 3036 461 3096 §lo
486 3040 553 3089 extr.
578 3037 673 3086 addita
696 3037 872 3088 inveniuntur
894 3044 969 3087 seton
992 3044 1075 3087 autem
1104 3082 1110 3095 ,

160 3111 301 3153 satorzunve
317 3120 418 3167 paucae
436 3110 494 3153 siant
512 3106 687 3170 differentiae.
721 3106 848 3169 Denique
866 3104 1073 3154 Alexandrinae

160 3170 274 3220 tabulae
305 3171 511 3236 paragraphum
535 3174 680 3238 septimam
704 3173 759 3223 iam
788 3173 938 3223 secundum
959 3171 1076 3222 Calvum

161 3238 378 3299 emendavimus3
402 3240 462 3303 ipse
486 3245 579 3290 autern
598 3240 701 3292 Calvus
718 3241 817 3291 vitiose
835 3241 922 3291 habet
943 3241 995 3290 uini
1011 3256 1074 3305 qne-

160 3314 219 3356 tuor
230 3313 255 3354 ct
268 3308 353 3355 decem
366 3305 487 3355 librarum
500 3308 558 3372 (pro
571 3307 667 3372 decem)
683 3314 710 3358 et
722 3307 805 3374 paulo
818 3313 880 3373 post
892 3310 907 3369 9
921 3310 952 3359 18
964 3310 1074 3374 praetuta

161 3376 301 3439 quinpcatu
320 3372 378 3436 (pro
397 3375 606 3439 quadrinpenta).

228 3440 255 3506 3)
274 3439 418 3489 Sextarius
436 3441 491 3490 olei
509 3443 605 3507 pendit
623 3443 816 3506 sesquilibram
835 3442 879 3503 (fr.
892 3444 934 3505 64,
948 3444 982 3493 24
995 3443 1072 3507 ete),

148 3513 287 3560 metretae
304 3509 405 3575 igitur,
427 3508 472 3575 qui
492 3515 535 3561 est
553 3514 586 3563 tt
605 3512 803 3569 sextariorum,
817 3509 910 3558 quras
926 3513 990 3561 tus.

208 3577 239 3644 4)
257 3577 344 3631 Hane
368 3593 432 3632 esee
456 3579 555 3633 indico
582 3580 710 3647 cotylam
733 3576 957 3629 Alexandrinam
973 3589 1047 3637 quae
1061 3576 1099 3621 'm
