2378 3930
460 247 463 251 -
502 217 794 267 PROIrEGOHleMN

311 436 416 486 Librum
434 437 467 486 de
484 450 543 486 urse
561 438 654 486 tabaria
671 434 755 485 Balbo
773 434 891 485 tributum
909 450 975 487 esse.

135 550 187 608 114
252 557 348 615 Calvus
363 559 516 629 berennus,
532 558 579 632 qui
596 558 702 633 primus
717 558 891 632 Hippocratis
906 556 993 614 libros
1008 561 1037 614 in
1051 559 1103 615 La·

185 642 272 698 tinum
297 659 451 700 sermonem
473 638 772 714 conversarentur),
799 644 827 699 in
852 640 906 699 line
927 644 985 699 eius
1008 643 1101 718 operis

184 727 306 785 adiunxit
319 727 460 785 breviores
478 728 547 784 duos
563 729 790 799 commentarios,
806 728 839 783 ad
854 744 923 801 quos
938 726 1006 785 hacc
1019 746 1100 803 prac-

183 808 298 886 intur²):
323 814 493 869 Censuimus
508 823 667 885 praeterea
686 817 854 870 necessario
869 814 914 870 bis
931 814 1100 885 addendum

184 912 245 952 esse
266 907 424 955 tractatum
446 898 483 955 de
500 905 660 968 mensuris,
685 906 712 954 et
730 899 912 971 ponderibus
932 898 1101 971 Apbricani

181 983 292 1037 medici
306 1000 370 1038 cum
388 988 448 1039 suis
463 989 556 1055 notis,
572 999 653 1054 quem
667 985 800 1056 plurimis
818 1001 888 1057 quos
904 987 939 1040 dc
953 986 999 1041 bis
1011 984 1099 1040 rebus

180 1070 213 1121 in
227 1068 361 1123 manibus
374 1068 549 1124 habebamus
565 1071 776 1142 praetulimus,
794 1074 864 1143 quia
878 1073 971 1142 mapis
987 1078 1015 1124 et
1032 1086 1098 1125 cum

178 1151 370 1224 Hippocratis
384 1155 563 1208 medelarum
576 1153 767 1224 ponderibus,
788 1162 815 1209 et
830 1161 974 1210 mensuris
990 1164 1098 1211 etcum

179 1236 293 1293 Latinis
316 1242 491 1308 conuenire,
514 1246 541 1292 et
559 1237 664 1307 facere
683 1239 849 1295 uidebatur.
891 1256 928 1295 ac
948 1239 988 1294 ad
1008 1240 1096 1296 buius

178 1325 317 1378 maiorem
342 1324 565 1395 intellipeniiam
587 1324 730 1397 quaedam
758 1326 794 1380 de
814 1324 898 1380 lialbi
921 1323 961 1379 ad
982 1324 1096 1379 Celsum

177 1409 410 1481 oprimeusoria,
437 1411 724 1482 ratiocinatoriapuc
747 1412 783 1466 de
808 1425 888 1479 asse,
919 1413 1096 1481 minutisque

177 1495 239 1547 eius
259 1493 396 1564 partibus
420 1493 642 1565 adscripsimus.
678 1504 764 1551 notas
787 1503 883 1550 autem
905 1494 1008 1549 borum
1032 1510 1094 1549 non
1137 1564 1140 1569 .

175 1582 379 1649 opposuimus,
396 1594 461 1632 cum
477 1579 557 1649 apud
570 1581 713 1650 plurimos
728 1583 936 1647 inueniuntur,
954 1594 1094 1649 pracser-

175 1666 226 1717 tim
238 1662 389 1735 Raecium,
403 1658 570 1733 baedam³),
587 1662 745 1719 Gilberium
762 1671 790 1719 et
806 1672 873 1720 aute
886 1664 955 1733 bos,
972 1662 1093 1718 Balbum

174 1750 283 1817 ipsam,
303 1756 330 1801 et
346 1746 546 1818 Priscianum,
563 1749 651 1805 latius
666 1758 694 1804 et
706 1743 868 1819 plurimis4)
886 1749 992 1818 medis,
1014 1764 1092 1820 puae

173 1838 269 1887 mmen
291 1848 356 1887 cum
370 1836 424 1903 iis,
451 1849 526 1904 puae
542 1836 573 1887 in
590 1833 796 1904 marmoribus,
818 1842 845 1889 et
861 1833 975 1888 tabellis
989 1836 1091 1889 aeneis

171 1917 324 1991 loquutur,
357 1932 415 1971 non
443 1919 597 1989 quadrant.
648 1917 702 1973 lam
731 1920 856 1992 sequitur
881 1917 952 1990 apud
978 1914 1089 1974 Calvum

171 2009 305 2059 tractatus
328 2002 374 2076 qui
389 2001 518 2058 Africano
539 2002 669 2058 tribuitur
683 2000 717 2074 (v.
734 2003 804 2076 prol.
822 2002 839 2073 S
858 2000 933 2072 123,
952 2001 987 2057 ir.
1005 1996 1088 2077 141),

170 2103 250 2159 quem
273 2088 400 2160 deinceps
423 2087 523 2159 excipit
545 2089 756 2143 commentarius
778 2089 825 2160 qui
842 2085 1002 2143 inscribitur
1016 2086 1087 2142 uat-

169 2171 220 2225 bus
247 2173 287 2227 ad
308 2173 419 2227 Celsum
443 2174 479 2227 de
502 2188 567 2227 asse
593 2177 768 2245 minutisque
795 2176 857 2227 eius
881 2173 1087 2242 portiunculis.

167 2255 253 2310 Cuius
274 2256 305 2311 nd
327 2255 406 2312 finem
429 2256 494 2313 hacc
514 2256 660 2329 adscripsit
679 2256 779 2313 editor:
809 2256 869 2312 Nec
883 2257 929 2311 bis
941 2256 1033 2327 plura
1050 2256 1086 2310 de

166 2338 258 2393 balbo
274 2340 412 2395 addenda
424 2346 593 2412 putavimus
609 2342 843 2412 quondoquidem
859 2346 887 2397 si
899 2346 963 2396 uita
979 2356 1084 2412 suppe-

167 2423 328 2494 ditabitur‚
354 2433 443 2480 totam
464 2443 535 2496 opus
556 2427 591 2480 de
614 2430 830 2497 aprimenseriu
852 2438 880 2484 ei
896 2442 1084 2482 numerorum

166 2511 398 2565 ratiocinatoria
415 2527 479 2565 cum
499 2509 646 2581 Vitruuii,
670 2511 773 2582 Plinii,
796 2511 991 2583 Capelleeque
1006 2527 1084 2566 com·

164 2598 319 2650 mentoriis
340 2595 461 2649 edemus.
494 2594 566 2650 Haec
583 2594 690 2667 quidem
706 2594 816 2662 Calvus;
842 2611 922 2670 quem
942 2603 1082 2652 auctorem

230 2841 256 2907 1)
270 2844 450 2909 Hippocratis
463 2841 515 2892 Coi
528 2868 561 2879 ·-
574 2843 718 2908 octoginta
727 2843 875 2894 Volumina
888 2871 920 2878 -
932 2857 1005 2892 nunc
1018 2848 1080 2893 tan·

161 2909 223 2960 dem
242 2927 292 2975 per
308 2913 345 2963 Μ.
364 2912 482 2961 Fabium
506 2910 622 2962 Calvum
645 2911 857 2961 Ithavennatem
881 2912 969 2962 virum
993 2911 1079 2961 unde·

161 2991 277 3041 cumque
301 2979 488 3029 doctissimum
513 2978 655 3029 latinitate
679 2979 791 3031 donata.
826 2979 931 3029 Romae
951 2993 984 3027 ex
1003 2976 1080 3028 aedi-

159 3045 209 3094 bus
221 3047 369 3097 Francisci
380 3047 486 3096 Minitii
499 3045 580 3096 Calvi
589 3046 805 3097 Novocomensis
818 3044 1078 3099 anno-MDXXV.

157 3113 218 3177 Ego
241 3128 307 3163 usus
330 3129 389 3163 sum
412 3114 493 3163 huius
510 3113 576 3164 libri
594 3114 729 3165 rarissimi
747 3114 872 3180 exemplo
891 3112 1078 3167 Berolinerisi.

157 3179 293 3296 gepetite
312 3181 396 3230 editio
415 3181 518 3245 prodiit
530 3181 663 3231 Basileae
682 3183 787 3232 a1526
807 3198 839 3231 ex
859 3180 972 3232 officina
990 3180 1074 3231 Andr.

182 3248 318 3300 ratandri.

225 3332 251 3394 2)
269 3333 302 3382 P.
320 3330 475 3383 Dcxcvn
495 3333 561 3383 edit.
580 3333 667 3395 Rom,
686 3350 712 3398 p.
731 3334 780 3384 4⁷1
801 3333 865 3384 edit.
884 3333 971 3383 Basil.

226 3417 253 3471 31
271 3417 416 3473 Boi‘tbinm,
437 3415 535 3467 Bedum
555 3418 596 3470 ed.
614 3418 679 3467 Bas.

177 3570 199 3619 't
224 3500 251 3566 4)
269 3499 390 3551 Fallitur
412 3500 608 3551 Lachmannus
631 3499 753 3554 Gramat.
781 3501 809 3551 11
834 3516 861 3565 p.
888 3503 935 3550 134
957 3501 1073 3565 pluribus

157 3586 185 3620 cr
202 3584 261 3620 ans.
