2378 3930
176 184 218 251 36
488 202 724 247 rnonnoomrua
745 202 780 247 no

178 344 316 417 farragine
336 340 383 399 illa
399 342 629 415 geometricorum
646 348 675 397 ct
689 342 901 415 gromaticamm
915 339 1095 414 reliquiarum

179 444 249 504 quae
266 426 348 500 vulgo
365 425 416 483 sub
427 425 514 482 boetii
528 424 610 482 titulo
625 425 724 481 fertur.
753 424 773 481 Ε
789 424 889 501 quibus
904 440 990 481 uuum
1003 440 1096 481 emen·

178 513 241 571 date
263 511 348 568 edidit
360 511 564 581 bacbmanuus,
587 509 633 566 alii
657 509 711 566 duo
734 511 761 566 in
782 509 901 566 editione
915 510 1003 566 Boetll
1020 506 1096 583 prin'·

180 599 240 672 cipe
261 602 368 653 exstant
387 596 552 671 repetitique
573 602 638 651 sunt
659 596 687 650 in
707 586 950 670 posterioribus⁴);
976 592 1026 650 sed
1044 594 1095 651 hae

179 681 312 756 reliquiae
327 698 378 738 nec
392 697 443 755 per
458 696 487 736 se
501 679 588 736 ullum
603 679 722 736 fructum
738 678 835 735 alierre
846 686 964 753 possunt
975 678 1008 734 ad
1020 687 1094 735 vete·

177 782 239 822 rum
261 782 451 822 mensurarum
472 781 503 821 ac
514 764 666 838 ponderum
682 763 839 836 scientiam,
859 780 911 820 nec
925 764 1048 836 omnino,
1064 770 1096 819 ut
1147 826 1153 839 Ι

181 852 296 925 opinor,
317 850 359 905 liis
383 850 425 906 uti
449 848 543 907 licebit
559 851 635 923 prius
652 864 732 922 quam
747 848 780 904 de
794 850 868 905 omni
882 848 968 904 Boetii
983 864 1095 921 geome-

180 936 249 991 trico
268 951 351 1009 opere
367 934 454 1009 deque
471 933 530 989 aliis
547 950 616 1007 quae
634 932 733 989 iniuria
750 933 814 989 olim
828 934 922 990 Boetio
938 931 1096 989 tribuerunt

180 1020 247 1076 satis
261 1035 312 1093 pro
328 1021 368 1076 rei
383 1020 515 1093 gravitate
530 1017 697 1092 disputatum
713 1013 799 1088 erit⁵).
833 1018 880 1073 llis
903 1017 1008 1074 accedit
1029 1019 1097 1075 scri·

178 1111 244 1179 ptor
259 1104 361 1161 saeculi
375 1104 487 1175 decimi,
502 1119 558 1158 non
573 1102 717 1173 mediocri,
734 1109 767 1159 ut
780 1102 835 1158 illis
852 1101 1032 1176 temporibus,
1048 1102 1096 1159 do·

178 1190 282 1259 ctrina,
298 1188 374 1245 lhho
390 1188 581 1258 morianensis,
597 1189 675 1243 cuius
691 1205 706 1244 e
721 1188 921 1243 commentariis
936 1186 965 1241 iu
981 1184 1095 1244 Victorii

180 1272 313 1330 calculum
334 1274 444 1347 scriptis
466 1280 559 1345 partes
580 1270 694 1329 selectas
716 1288 805 1346 nuper
825 1271 909 1328 edidit
922 1266 1094 1343 cliristiusi).

180 1357 210 1412 ln
231 1358 330 1431 quibus
354 1356 480 1414 nonnulli
505 1356 558 1413 loci
583 1364 648 1411 sunt
669 1357 702 1412 dc
723 1356 889 1430 ponderibus
911 1363 939 1411 et
960 1357 1095 1412 mensuris

180 1436 337 1516 antiquis⁷),
354 1459 425 1516 quos
440 1442 551 1497 minime
565 1439 752 1513 neglegendos
766 1456 826 1498 esso
845 1442 985 1509 eristim03
1003 1440 1053 1496 sed
1068 1448 1096 1496 et

181 1534 255 1583 actas
276 1528 334 1602 ipsa
356 1543 410 1600 qua
427 1526 494 1582 haec
515 1525 670 1600 conscripta
690 1534 755 1581 sunt
775 1542 818 1581 me
832 1523 994 1601 probibuit,
1014 1540 1094 1581 neca

181 1612 209 1666 in
224 1610 297 1669 hunc
312 1611 412 1668 librum
428 1612 593 1685 reciperem,
607 1627 658 1668 nec
671 1609 762 1681 volui,
778 1627 840 1667 cum
856 1613 914 1685 ipse
930 1610 1010 1683 plane
1026 1609 1095 1665 nibil

180 1712 241 1753 meo
264 1696 355 1753 studio
373 1696 471 1753 addere
486 1711 612 1769 possem,
635 1702 736 1751 tautam
750 1703 855 1769 partem
871 1694 982 1751 Christii
997 1693 1096 1750 editio·

182 1782 225 1836 nis
241 1789 375 1855 repetere.

245 1864 274 1920 V.
295 1866 331 1922 lle
349 1864 420 1921 Calvi
438 1866 665 1939 interpretatione
683 1863 836 1920 tabularum
851 1863 1095 1920 Alexandrinarum

181 1949 251 2005 inira
266 1952 412 2025 separatim
428 1949 549 2006 dicemus
563 1948 592 2021 (S
609 1948 688 2021 123).
746 1982 751 1988 -

430 2117 469 2165 De
487 2115 573 2165 tabula
589 2117 685 2166 codicis
703 2114 848 2164 Bobiensis.

117 2226 170 2289 122
245 2221 361 2276 Carmiui
380 2220 414 2276 de
434 2220 601 2293 ponderibus
617 2218 645 2292 (S
666 2218 736 2292 118)
752 2221 780 2274 in
795 2219 888 2276 codice
902 2219 1030 2276 Bobiensi
1049 2219 1096 2276 ad·
1166 2278 1170 2287 ,

183 2306 284 2377 scripta
306 2312 348 2359 est
365 2303 473 2360 brevior
489 2304 619 2378 quaedam
635 2304 726 2360 tabula
742 2320 795 2379 qua
809 2304 925 2361 Attica
941 2303 1096 2377 pondera

142 2426 145 2431 ·
181 2388 263 2444 homo
285 2387 394 2461 quidam
416 2390 608 2460 grammaticus
624 2388 762 2445 illustrare
778 2397 891 2445 conatus
907 2383 987 2461 esti).
1020 2388 1048 2444 ln
1065 2405 1096 2444 ea

183 2487 311 2527 numeros
327 2473 472 2544 insigniter
486 2481 634 2545 corruptos
650 2490 710 2529 esse
726 2490 781 2529 non
797 2473 878 2529 latuit
891 2472 1092 2541 Endiicherum,

184 2555 235 2612 etsi
257 2564 360 2613 rectam
375 2573 423 2613 eos
439 2557 598 2614 emendandi
616 2559 686 2613 viam
701 2575 755 2614 non
772 2559 890 2630 invenit,
913 2573 992 2633 quam
1008 2573 1097 2631 nuper

249 2823 278 2888 4)
297 2825 329 2873 V.
348 2825 519 2874 Lachmann.
539 2840 566 2889 p.
584 2826 743 2887 ool-408,
763 2826 793 2888 2,
823 2823 916 2875 Boetii
947 2823 1096 2874 editionem

183 2890 372 2942 Basileensem
391 2893 457 2942 anni
475 2893 541 2942 1546
559 2908 585 2956 p.
605 2894 670 2942 1212
688 2897 716 2941 et
735 2894 810 2946 1228.

251 2959 278 3022 5)
301 2960 369 3010 Post
390 2960 527 3010 Biumium
552 2965 581 3009 et
604 2960 810 3009 Lachmannum
834 2959 968 3022 (Gromat.
991 2959 1045 3009 vol.
1069 2958 1098 3008 11

184 3044 211 3093 p.
231 3027 342 3091 64-96)
365 3043 453 3092 nuper
475 3029 508 3077 de
531 3028 585 3077 hac
609 3044 638 3077 re
657 3028 868 3093 impeditissima
886 3028 1098 3092 disputaverunt

185 3097 216 3146 G.
235 3095 379 3145 Friedlein
397 3095 531 3158 (Gerbert,
550 3097 592 3145 die
612 3096 752 3145 Geometrie
770 3097 816 3145 deo
832 3095 956 3146 Boethius
974 3099 1028 3147 cet.
1046 3094 1097 3143 Er·

184 3163 258 3224 lang.
274 3164 347 3225 1861,
367 3164 440 3214 idem
458 3166 486 3213 in
498 3163 675 3213 Fleckeiseni
695 3163 841 3213 annalibus
861 3165 926 3213 1863
944 3179 974 3227 p.
985 3161 1036 3212 425
1049 3160 1097 3225 so.)

186 3235 215 3280 et
232 3231 268 3282 M.
288 3229 392 3280 Cantor
410 3230 631 3293 (Mathematiscde
649 3231 774 3296 Beitrdpe
796 3246 850 3280 :um
873 3230 1032 3280 Culturleben
1050 3230 1098 3280 der

189 3297 293 3356 Viuo,
312 3298 376 3348 Hal.
396 3300 462 3349 naue
480 3316 507 3364 p.
528 3297 681 3362 184-198).

167 3385 169 3389 ·
253 3366 280 3429 6)
304 3364 475 3430 Sitzunpsber.
499 3369 525 3417 d.
544 3367 703 3416 Milncbener
729 3366 815 3416 Alrcd.
848 3366 913 3416 1863
943 3382 970 3431 p.
994 3367 1041 3415 141
1060 3378 1097 3415 ss.

185 3436 227 3486 De
247 3437 342 3484 aetate
359 3433 481 3483 Abbonis
499 3449 524 3483 v.
543 3433 609 3486 ibid.
628 3450 655 3498 p.
675 3435 733 3487 118.

249 3501 276 3567 7)
297 3502 325 3554 V.
345 3501 364 3555 1.
385 3517 406 3553 c.
426 3518 456 3568 p.
476 3502 613 3553 tlt-too
629 3516 672 3553 rs.
691 3504 717 3565 3,
735 3518 766 3568 p.
782 3502 833 3551 tto
849 3514 893 3551 us.
908 3501 1022 3550 'l-tbi..

235 3572 266 3636 1)
282 3571 431 3626 Prisciani
449 3588 571 3640 gramm.
593 3572 723 3623 cormino
742 3568 788 3620 ed.
802 3565 957 3618 Endliclier
973 3582 1006 3629 p.
1020 3565 1074 3613 tob
1090 3580 1118 3615 s.
