2378 3930
429 203 607 260 uersuros
626 221 649 260 a.
669 210 694 259 ι.
713 210 738 260 s.
937 189 941 196 ’
1047 204 1087 268 11

74 349 150 414 inde
173 348 253 414 adeo
273 349 362 434 pleni
385 355 418 414 et
436 350 529 414 mixti
548 349 608 414 deo
627 353 717 414 uates
737 349 846 414 futura
865 351 1088 434 praecerpunt,
1107 368 1123 415 a

74 440 155 504 dant
182 441 257 503 oaut
243 439 342 503 telam
365 439 532 522 periculis,
560 438 684 503 morbis
707 438 889 516 medellam,
919 459 1009 520 spem
1033 437 1088 502 ad·

73 528 179 612 flietis,
206 548 300 610 opem
319 528 454 611 miseris,
473 526 628 593 solacium
647 489 899 611 calamitatibus,
919 526 1087 591 laboribus

73 616 303 682 leuamentum
348 616 447 681 etiam
474 638 532 701 per
560 617 700 717 quietem
726 616 802 679 deos
825 616 972 679 uidemus
996 614 1086 679 audi-

44 723 57 764 a
74 727 146 769 mus
170 705 386 807 agnoscimus,
410 727 492 788 quos
515 705 614 788 impie
636 725 695 787 per
715 704 801 767 diam
818 724 975 788 negamus
994 703 1086 769 nolu-

73 815 145 858 mus
173 797 341 858 eieramus.
386 793 496 895 itaque
524 814 598 858 curn
626 792 769 857 omnium
799 793 944 878 gentium
972 792 1011 857 de
1036 791 1127 857 dis8

72 882 318 965 inmortalibus,
342 882 491 966 quamuis
514 883 639 946 incerta
662 881 706 945 sit
728 881 780 944 uel
802 885 885 945 ratio
908 882 962 944 uel
985 883 1088 966 origo,

72 975 204 1035 maneat
234 974 344 1036 tamen
373 971 463 1034 firma
494 970 675 1052 consensio,
708 970 870 1033 neminem
897 969 968 1035 fero
995 974 1088 1035 tanta

73 1059 207 1124 audacia
234 1064 367 1145 tamque
394 1059 582 1144 inreligiosa
609 1058 720 1122 neseio
749 1079 813 1142 qua
839 1058 1012 1140 prudentia
1035 1063 1085 1124 tu-

30 1170 58 1210 ro
72 1153 280 1228 mescentem,
307 1149 362 1232 qui
389 1148 474 1212 hane
501 1148 691 1233 religionem
718 1152 787 1211 tam
815 1151 992 1224 uetustam,
1020 1153 1086 1212 tum

71 1239 196 1321 utilem,
218 1244 287 1303 tam
311 1237 472 1302 salubrem
496 1236 673 1301 dissoluere
695 1239 751 1300 aut
769 1236 934 1300 infirmare
951 1237 1086 1301 nitatur.

73 1327 117 1391 sit
139 1328 216 1391 licet
237 1327 292 1390 ille
311 1326 500 1391 Theodorus
520 1324 705 1410 Cyrenaeus
727 1325 790 1405 uel,
814 1324 868 1410 qui
886 1325 983 1409 prior,
1007 1325 1119 1390 Dia-2

72 1436 170 1500 goras
193 1415 322 1497 Melius,
350 1415 402 1480 cui
426 1414 543 1480 atheon
568 1434 749 1498 cognomen
772 1413 924 1496 adposuit
947 1415 1108 1500 antiqui·

71 1507 137 1585 tas,
174 1503 229 1586 qui
261 1507 397 1585 uterque
428 1503 537 1566 nullos
571 1502 646 1567 deos
679 1502 900 1567 adseuerando
932 1503 1085 1568 timorem

29 1612 57 1653 15
73 1612 217 1672 omnem,
241 1611 305 1675 quo
328 1590 516 1654 humanitas
539 1590 678 1674 regitur,
702 1591 1007 1675 uenerationemque
1030 1613 1085 1675 pe·

72 1683 161 1745 nitus
190 1679 402 1743 sustulerunt:
430 1699 609 1762 numquam
636 1683 745 1742 tamen
772 1679 806 1741 in
833 1677 895 1741 hae
917 1679 1084 1764 inpietatis

72 1768 244 1852 disciplina
268 1767 438 1832 simulatae
461 1766 688 1850 philosophiae
709 1766 842 1831 nomine
861 1768 957 1852 atque
977 1772 1084 1834 auoto-

72 1859 168 1922 ritate
193 1857 366 1940 pollebant.
412 1879 485 1921 eum
510 1855 688 1920 Abderiten
710 1854 926 1941 Protagoram
948 1856 1084 1922 Atheni·
1103 1871 1119 1920 3

72 1968 164 2011 enses
187 1947 249 2010 etsi
273 1945 419 2010 consulte
442 1945 553 2028 potius
576 1965 674 2028 quam
696 1943 833 2028 profane
857 1942 895 2008 de
914 1945 1084 2012 diuinitate

31 2057 57 2096 ro
72 2036 292 2119 disputantem
321 2038 354 2098 et
381 2032 566 2116 expulerint
589 2033 655 2097 suis
678 2033 797 2097 finibus
821 2033 854 2098 et
875 2033 911 2098 in
933 2035 1084 2100 contione

72 2125 140 2188 eius
173 2125 294 2206 scripta
330 2122 528 2206 deusserint,
564 2121 640 2206 quid
677 2121 828 2186 homines
865 2120 1083 2206 (sustinebitis

71 2214 157 2277 enim
186 2233 237 2276 me
263 2213 421 2295 impetum
445 2215 613 2294 susceptae
637 2210 774 2275 actionis
796 2211 931 2277 liberius
955 2232 1083 2276 exeren-

70 2300 151 2386 tem)
174 2301 337 2383 homines,
365 2301 511 2384 inquam,
534 2299 721 2382 deploratae
743 2299 887 2366 inlicitae
911 2322 948 2365 ao
972 2301 1083 2384 despe-

71 2393 161 2455 ratae
189 2388 340 2454 factionis
368 2394 512 2473 grassari
538 2389 573 2452 in
600 2388 677 2453 deos
704 2410 771 2453 non
797 2389 1083 2474 ingemescendum

30 2498 56 2538 25
72 2478 142 2543 est?
179 2478 234 2563 qui
266 2478 304 2542 de
337 2478 453 2542 ultima
479 2476 569 2543 faece
598 2478 740 2542 collectis
767 2478 1023 2562 imperitioribus
1051 2484 1119 2544 ets

71 2567 261 2631 mulieribus
289 2566 427 2632 credulis
456 2587 550 2630 sexus
579 2569 629 2630 sui
654 2565 812 2631 facilitate
834 2567 1082 2651 labentibusque

71 2658 176 2740 legem
204 2654 359 2739 profanae
387 2655 621 2719 coniurationis
650 2654 836 2737 instituunt3
866 2655 985 2738 quippe
1008 2677 1084 2721 noo-

71 2744 174 2808 turnis
204 2743 513 2828 congregationibus
537 2746 570 2808 et
555 2742 721 2807 tieiuniis
743 2742 955 2808 sollemnibus
979 2748 1012 2808 et
1034 2744 1082 2809 in·

144 2925 157 2971 1
184 2933 222 2971 aa
244 2915 471 2986 praecipiunt2l
493 2923 509 2970 3
534 2914 666 2970 solatium
688 2920 709 2967 P
731 2932 766 2971 m.
789 2918 842 2985 21
866 2917 963 2987 timp
964 2917 1051 2973 iael’

71 2989 315 3058 dpeieramusP‚
339 3004 406 3042 corr
428 2988 455 3040 Ι.
461 2918 527 3041 “Pr
547 2987 734 3055 Gromudusl
759 2987 810 3056 dis,
829 2918 921 3044 ida.
912 3007 930 3044 r.
949 2990 1003 3044 sl.
1009 2919 1084 3062 ,Pil

72 3066 105 3115 10
123 3062 184 3114 tam
203 3059 314 3113 addidit
333 3057 485 3128 Geleaiaall
505 3064 537 3112 12
556 3057 617 3128 ille]
637 2988 734 3113 molini
749 3057 847 3127 nisus!
842 3030 1018 3127 {theudorud
1036 3077 1082 3130 cy·

69 3147 169 3186 reneus
183 3136 203 3183 P
216 3130 219 3202 1
231 3129 400 3212 dargoras(
391 3147 402 3182 1
415 3145 503 3200 supra
517 3131 601 3200 apr.)
591 3129 740 3197 )milesius
750 3134 770 3181 P
779 3129 789 3201 11
799 3137 841 3198 13,
854 3138 887 3185 14
900 3133 993 3186 malim
1008 3132 1082 3186 anti-

71 3203 164 3271 quitas
186 3205 310 3270 utrique,
334 3199 381 3268 qui
403 3202 496 3256 nullos
519 3203 528 3271 1
553 3207 586 3255 11
607 3200 741 3255 filosofiae
759 3206 779 3253 P
802 3205 811 3273 1
835 3172 868 3257 18
886 3203 1034 3272 pollebunt
1054 3207 1083 3270 P

70 3274 178 3329 eorreai
197 3275 202 3342 1
222 3272 405 3341 Protagoram
424 3273 464 3327 ed.
482 3289 540 3341 pr:
558 3271 690 3341 pitagora
707 3277 727 3323 P
744 3275 754 3341 1
773 3277 807 3328 19
826 3273 880 3327 etsi
896 3274 1008 3342 scripsi:
1027 3273 1083 3327 uiri

70 3345 200 3399 Puirum
220 3342 1084 3417 Μαε1111211111111ιῖ113111111411111151109111

71 3415 302 3483 relabentibusq
313 3414 405 3484 legem
415 3431 513 3484 seraper
508 3416 621 3484 (supra
626 3431 655 3483 p
663 3413 779 3498 ΧΧΙΙΙ1.
793 3415 960 3470 labendrbus
969 3415 1082 3484 plebem

70 3485 271 3541 Plabentibus
292 3484 331 3556 pl.
351 3487 515 3556 1111190121
538 3486 644 3557 quippe
662 3485 777 3556 scripsi
804 3501 880 3554 quae
896 3490 919 3536 P
945 3486 1095 3550 qumans

63 3571 188 3610 mannas.
