2378 3930
394 810 627 885 POMPONII
654 809 820 884 MELAE

584 970 631 1016 DE

310 1093 905 1194 OHOROGRAPHIA

534 1305 632 1371 Liber
653 1305 679 1370 I.

70 1483 83 1523 ⁵
188 1466 286 1532 Orbis
309 1466 410 1531 situm
433 1465 539 1530 dicere
558 1464 741 1550 aggredior,
764 1465 957 1549 impeditum
976 1486 1057 1549 opus
1081 1471 1114 1532 et
1133 1476 1147 1524 1

95 1555 268 1620 facundiae
297 1554 429 1619 minime
457 1574 559 1637 capax
586 1551 731 1639 (constat
758 1554 844 1619 enim
872 1555 939 1620 fere
967 1555 1114 1640 gentium

95 1643 306 1728 locorumque
329 1641 515 1721 nominibus
534 1645 568 1707 et
590 1664 700 1708 eorum
719 1643 873 1727 perplexo
893 1643 973 1708 satis
992 1642 1113 1726 ordine,

97 1753 193 1817 quem
213 1733 364 1816 persequi
383 1731 547 1818 longeest
565 1731 670 1816 magis
689 1754 787 1817 quam
806 1731 947 1817 benigna
961 1730 1112 1816 materia)

96 1843 210 1885 verum
229 1821 331 1906 aspici
348 1824 460 1886 tamen
473 1820 690 1905 cognoscique
709 1820 947 1906 dignissimum,
965 1824 999 1885 et
1017 1819 1113 1905 quod,

58 1925 82 1966 10
96 1909 125 1974 si
147 1931 220 1975 non
239 1931 299 1994 ope
317 1909 442 1993 ingenii
460 1909 593 1991 orantis,
616 1912 651 1973 at
673 1909 746 1993 ipsa
769 1908 820 1974 sui
838 1907 1112 1992 contemplatione

95 1999 238 2083 pretium
266 2019 386 2082 operae
408 1996 645 2063 attendentium
669 1996 828 2062 absolvat.
873 1995 980 2061 dicam
1003 2000 1147 2062 autema

95 2087 178 2153 alias
201 2087 298 2171 plura
320 2090 353 2152 et
376 2086 530 2170 exactius,
551 2106 636 2150 nuuc
658 2088 696 2149 ut
718 2106 863 2170 quaeque
887 2087 980 2150 erunt
1003 2085 1112 2150 caris·

95 2177 180 2240 sima
206 2179 240 2241 et
267 2175 416 2241 strictim.
465 2196 503 2240 ac
529 2174 637 2257 primo
664 2173 793 2258 quidem
822 2196 904 2259 quae
936 2174 980 2239 sit
1006 2173 1112 2240 forma

95 2265 214 2348 totius,
235 2285 319 2350 quae
341 2265 501 2328 maximae
524 2265 644 2347 partes,
667 2284 730 2347 quo
755 2263 903 2349 singulae
926 2262 1023 2329 modo
1047 2264 1113 2328 sint

56 2368 82 2408 1⁵
97 2356 196 2437 atque
214 2353 403 2418 habitentur
422 2351 600 2436 expediam,
618 2350 733 2417 deinde
751 2374 862 2417 rursus
877 2374 950 2419 oras
965 2353 1111 2418 omnium

94 2444 129 2505 et
151 2440 251 2506 litora
272 2444 309 2506 ut
331 2441 420 2506 intra
443 2444 595 2524 extraque
615 2445 700 2524 sunt,
722 2444 820 2526 atque
839 2445 877 2505 ut
899 2462 938 2506 ea
961 2441 1050 2505 subit
1073 2464 1110 2507 ac

94 2528 280 2595 circumluit
306 2529 457 2613 pelagus,
485 2528 606 2595 additis
629 2550 711 2613 quae
738 2529 774 2594 in
795 2533 914 2594 natura
940 2529 1110 2614 regionum

93 2618 336 2703 incolarumque
363 2617 572 2683 memoranda
600 2621 684 2684 sunt.
728 2617 763 2681 id
784 2639 849 2702 quo
877 2616 1005 2683 facilius
1033 2619 1110 2684 sciri

93 2707 201 2790 possit
224 2711 322 2792 atque
344 2706 460 2790 accipi,
483 2707 581 2790 paulo
605 2707 704 2772 altius
727 2728 855 2772 summa
876 2710 1051 2790 repetetur.

55 2810 80 2851 ⁹⁰
184 2793 287 2861 Omne
314 2796 417 2881 igitur
443 2795 519 2880 hoc,
551 2793 706 2880 quidquid
738 2798 788 2860 est
815 2795 866 2860 cui
898 2793 1011 2861 mundi
1041 2777 1146 2901 aaa}

93 2883 182 2968 lique
209 2905 328 2950 nomen
354 2882 544 2968 indidimus,
572 2906 672 2949 unum
699 2884 734 2948 id
761 2888 812 2949 est
834 2888 867 2949 et
894 2905 960 2950 uno
984 2884 1109 2950 ambitu

92 2993 128 3036 se
156 2977 333 3057 cunctaque
361 2973 577 3057 amplectitur.
621 2972 770 3057 partibus
798 2971 918 3059 differt,
944 2972 1029 3038 unde
1057 2974 1108 3040 sol

94 3060 198 3126 oritur
226 3062 332 3127 oriens
361 3065 568 3146 nuncupatur
600 3065 657 3127 aut
685 3065 789 3145 ortus,
821 3082 884 3146 quo
909 3061 1109 3147 demergitur

93 3149 242 3217 occidens
261 3150 312 3216 vel
332 3172 474 3234 occasus,
493 3173 557 3237 qua
575 3150 716 3216 decurrit
734 3150 893 3233 meridies,
912 3149 953 3215 ab
1013 3172 1107 3216 versa

53 3252 78 3294 *ὁ
91 3242 186 3322 parte
214 3240 401 3322 septentrio.
446 3240 522 3306 huic
545 3239 650 3304 medio
672 3242 761 3304 terra
788 3238 936 3304 sublimis
1019 3240 1143 3324 gitur4

166 3437 208 3488 12.
226 3448 301 3486 nunc
318 3433 413 3487 autem
431 3434 464 3486 ut
481 3431 509 3486 A
527 3448 600 3486 nunc
619 3434 652 3486 ut
674 3430 785 3488 Vossius
856 3437 899 3487 20.
919 3447 1010 3486 omme
1029 3431 1056 3484 Α
1075 3398 1084 3469 '-

144 3530 285 3580 Pomponius
299 3532 367 3573 Mals.
930 3525 944 3572 1
