2378 3930
388 202 590 245 sestaronus
606 200 771 245 aounuos.
997 182 1036 245 13

183 342 257 411 Quae
278 356 340 397 cum
360 342 399 397 lta
422 340 494 409 siut,
517 338 596 396 tacite
617 338 821 396 demonstratur
835 336 907 394 iiaa
928 342 1036 395 nemine

119 426 207 483 adhuc
222 426 330 481 inventa
345 423 379 480 ad
393 424 578 498 explicandam
598 432 761 479 sectantem
776 438 851 495 qaae
866 423 967 478 eadem
983 425 1035 479 do-

119 513 213 567 drans
238 510 405 582 appellator
425 507 476 581 (6).
519 509 626 565 Etenim
653 524 734 581 quam
760 507 855 564 Graeci
880 523 1035 564 mensuram

122 589 280 667 (πιθαμήν
294 594 438 662 vocabant,
455 609 485 649 ea
500 594 650 665 antiquitus
661 593 750 649 aliena
761 600 820 648 erat
832 592 1035 650 allomauorum

121 697 188 750 usu,
204 679 276 734 unde
291 695 325 734 ne
342 695 431 735 sermo
448 677 555 751 quidem
571 677 684 734 Latinus
701 679 842 751 proprium
857 679 914 733 eius
929 694 1037 733 mensu·

120 780 167 821 rae
181 762 342 820 vocabulum
358 761 489 825 habebat;
513 762 560 818 sed
574 761 708 819 vocabant
723 777 782 818 eam
798 777 829 816 ex
844 763 913 817 assis
930 764 1036 819 ratione

121 848 297 917 dodrantem,
320 848 372 904 hoc
387 854 429 902 est
444 846 523 920 pedis
547 854 658 918 quartas
674 855 766 919 partes
782 854 847 901 tres.
883 846 937 901 lam
953 846 977 901 si
992 863 1037 902 ea·

120 933 181 988 dem
198 949 213 987 a
227 930 310 987 balbo
327 939 470 987 sextans
486 939 580 986 vocata
596 940 655 1001 est,
677 931 763 986 luisse
778 938 889 1005 oportet
904 931 1036 987 maiorem

121 1016 238 1091 aliquam
254 1032 427 1082 mensuram,
450 1016 529 1071 cuius
550 1023 625 1070 senta
640 1031 703 1088 pars
720 1016 780 1088 ipsa
795 1015 928 1088 spithama
944 1014 1036 1072 habita

121 1101 167 1160 sit.
193 1100 352 1174 Ubicunque
367 1115 492 1174 quaeres,
507 1099 574 1154 nihil
590 1101 711 1155 invenies
727 1099 802 1173 quod
816 1100 960 1155 conveniat
974 1101 1037 1155 lruic

122 1187 239 1242 sextanti
256 1184 307 1239 nisi
323 1186 521 1258 Aegyptiorum
537 1177 653 1255 ξύλον,
669 1186 712 1240 eui
728 1193 785 1239 tres
800 1183 886 1240 cubiti
902 1182 929 1239 in
946 1183 1037 1240 tabula

120 1269 273 1326 Heroniana
289 1270 479 1343 antiquissima
496 1268 650 1324 tribuuuter
665 1267 710 1339 (ir.
729 1266 759 1337 4,
777 1263 836 1343 14).
881 1268 955 1324 Unde
971 1269 1037 1325 haec

121 1356 181 1410 iure
197 1353 290 1426 colligi
306 1370 388 1427 posse
405 1352 538 1409 arbitror:
561 1346 670 1425 ξύλον,
685 1353 826 1426 antiquam
836 1352 1037 1427 Aegyptiorum

121 1454 289 1506 mensuram,
306 1455 358 1510 qua
369 1439 495 1493 itinerum
510 1438 596 1511 spatia
609 1437 770 1493 metirentur
782 1432 862 1513 (prol.
871 1438 888 1508 S
898 1437 936 1493 17
945 1434 1037 1512 extr),

123 1522 209 1578 luisse
228 1524 360 1596 perticam
381 1522 497 1595 ligneam
517 1530 600 1577 -et
621 1522 648 1577 id
666 1522 774 1595 quidem
789 1524 851 1595 ipso
865 1523 975 1578 nomine
991 1523 1037 1578 de·

123 1614 294 1662 monstratur
312 1636 349 1648 —
365 1606 476 1662 divisam
496 1608 522 1661 in
541 1614 595 1662 tres
610 1605 718 1663 cubitos
732 1605 867 1679 binosque
883 1605 1037 1663 cubitorum

124 1693 267 1760 semisses,
292 1692 343 1747 hoc
363 1699 405 1747 est
426 1706 473 1746 sen
489 1691 652 1764 spithamas:
674 1691 752 1747 euius
767 1690 822 1764 nyli
838 1706 917 1746 usum
933 1691 967 1747 ad
980 1694 1036 1766 pri·

123 1791 197 1830 mum
219 1791 307 1847 usque
323 1793 349 1848 p.
366 1774 428 1831 Chr.
446 1793 474 1830 n.
495 1774 633 1831 saeculum
655 1776 819 1849 pertinuisse
831 1805 873 1817 -
888 1792 943 1831 non
965 1778 1036 1832 enim

123 1867 200 1915 antea
222 1861 353 1933 scriptam
376 1876 436 1915 esse
458 1859 571 1915 vidimus
592 1859 712 1914 tabulam
734 1859 913 1916 Heronianam
930 1861 938 1914 l
956 1860 1037 1933 (prol.

123 1943 141 2015 S
165 1941 213 2018 12)
234 1974 277 1984 -
298 1951 380 2016 atque
403 1944 464 1999 inde
486 1942 623 1998 Romanos
648 1943 849 2013 agrimensores
872 1937 1036 2015 επιθαμήν,

123 2036 220 2101 utpote
246 2028 360 2082 alienam
382 2045 397 2081 a
423 2043 474 2081 suo
501 2043 647 2095 sermone,
675 2042 849 2098 nuncupasse
872 2034 1038 2089 sextantem3

123 2113 187 2168 hine
211 2112 328 2183 denique
349 2109 475 2179 Balbum,
496 2126 556 2165 oum
579 2110 712 2166 Romanas
733 2125 876 2166 mensuras
899 2110 932 2166 ad
951 2111 1040 2184 Aegy·

122 2195 245 2269 ptiarum
267 2195 420 2250 tabularum
441 2194 646 2250 similitudinem
668 2193 852 2265 describeret,
874 2198 963 2268 ipsum
979 2197 1038 2268 qui·
1138 2212 1141 2217 ·

123 2280 183 2334 dom
202 2278 309 2352 nylum,
332 2281 473 2353 proprium
489 2280 704 2352 Aegyptiorum,
726 2286 801 2336 recte
816 2279 959 2349 omisisse,
981 2294 1039 2335 ser-

123 2379 200 2418 vasse
227 2370 317 2418 tamen
347 2367 477 2420 sextantis
502 2362 714 2437 appellationem
735 2363 864 2420 usitatam
889 2365 922 2419 iis
942 2364 1039 2420 Roma·

123 2464 222 2502 uorum
243 2448 401 2520 gromaticis
424 2448 469 2522 qui
489 2450 517 2503 in
532 2449 657 2522 Aegypto
673 2450 810 2522 provincia
827 2449 901 2520 agris
917 2457 945 2503 ot
960 2449 1039 2504 itine-

123 2531 201 2587 ribus
223 2532 394 2588 dimetiendis
416 2531 545 2606 praelccti
561 2541 654 2603 erant,
678 2533 843 2606 eandemque
862 2550 876 2588 a
893 2534 1038 2605 spithama,

123 2617 250 2690 Aegyptii
273 2617 358 2673 cubiti
379 2617 507 2687 semisse,
530 2616 704 2673 transtulisse
720 2617 845 2691 ad'pedis
862 2616 975 2673 Romani
991 2617 1039 2672 do·

123 2700 257 2757 drantem.

124 2964 314 2999 mensurarum
337 2950 543 3014 appellationes
568 2954 771 2998 enumerantur.
807 2949 878 2998 Tum
900 2949 935 2998 ad
957 2948 1038 3002 Balb.

125 3017 140 3077 fi
158 3020 174 3067 3
193 3017 267 3067 conf.
286 3018 353 3066 Her.
372 3019 409 3077 11,
428 3019 452 3077 2,
473 3016 550 3065 Eucl.
570 3019 595 3077 2,
614 3022 762 3080 praeterea
783 3016 867 3065 etiam
885 3016 953 3066 Her.
971 3018 994 3077 1,
1014 3018 1039 3066 5.

125 3082 202 3147 Η,
221 3111 254 3119 -
273 3082 307 3133 ad
326 3086 340 3145 ἓ
358 3086 375 3133 4
392 3084 459 3132 Her.
478 3084 515 3147 11,
529 3087 558 3140 33
579 3108 607 3117 -
629 3082 664 3131 ad
682 3084 696 3144 ἓ
715 3083 810 3132 5Her.
823 3086 849 3144 4,
867 3084 947 3134 Euel.
966 3088 1041 3145 33-

126 3151 162 3201 ad
179 3152 194 3211 ἓ
213 3153 228 3199 6
247 3152 314 3200 Her.
333 3153 361 3209 5,
390 3150 471 3200 Eucl.
490 3152 520 3213 4;
552 3165 586 3199 ac
609 3150 650 3200 sic
673 3150 781 3215 relique
799 3151 944 3216 deinceps,
970 3166 1040 3215 quae

126 3217 291 3283 singillatim
310 3218 408 3268 afferre
427 3217 495 3266 nihil
510 3218 621 3269 attinet.
646 3216 700 3267 Sed
712 3218 764 3267 hoc
777 3233 832 3268 non
850 3219 1039 3282 omittendum,
1053 3213 1057 3219 ’

126 3285 251 3350 iugerum
271 3301 287 3334 a
305 3286 393 3335 Balbo
419 3286 548 3335 omissum
572 3300 632 3333 esse
658 3301 690 3334 ex
716 3287 865 3335 earundem
883 3286 1039 3336 tabularum

128 3354 302 3404 auctoritate.
338 3354 465 3416 Denique
486 3352 575 3402 altera
593 3368 658 3416 pars
676 3353 789 3403 tabulae
808 3353 905 3415 Balbi,
935 3352 1040 3417 quade

127 3421 267 3485 quadratis
292 3425 320 3469 et
343 3421 449 3469 cubicis
473 3421 608 3470 mensuris
634 3421 738 3485 agitur,
769 3422 885 3471 liberius
908 3434 1039 3485 expressa

128 3493 171 3537 est
193 3488 228 3536 ad
250 3487 458 3537 similitudinem
480 3488 659 3538 Heronianee
681 3490 710 3538 ΙΙ
732 3489 796 3538 inde
815 3506 832 3537 a
849 3490 864 3550 ξ
884 3490 915 3538 15
939 3492 967 3536 et
985 3487 1040 3534 Hu-

128 3554 236 3603 clideae
255 3556 269 3613 5
289 3557 328 3605 13.
