<?xml version="1.0" encoding="UTF-8"?>
<!DOCTYPE html PUBLIC "-//W3C//DTD XHTML 1.0 Transitional//EN"
    "http://www.w3.org/TR/xhtml1/DTD/xhtml1-transitional.dtd">
<html xmlns="http://www.w3.org/1999/xhtml" xml:lang="en" lang="en">
 <head>
  <title>
</title>
<meta http-equiv="Content-Type" content="text/html;charset=utf-8" />
  <meta name='ocr-system' content='tesseract 3.04.00' />
  <meta name='ocr-capabilities' content='ocr_page ocr_carea ocr_par ocr_line ocrx_word'/>
</head>
<body>
  <div class='ocr_page' id='page_1' title='image "./pomponiimelaede02melagoog_0173.png"; bbox 0 0 2378 3930; ppageno 0'>
   <div class='ocr_carea' id='block_1_1' title="bbox 162 180 764 245">
    <p class='ocr_par' dir='ltr' id='par_1_1' title="bbox 162 180 764 245">
     <span class='ocr_line' id='line_1_1' title="bbox 162 180 764 245; baseline -0.007 0"><span class='ocrx_word' id='word_1_1' title='bbox 162 180 203 245; x_wconf 89' lang='grc'>16</span> <span class='ocrx_word' id='word_1_2' title='bbox 470 199 714 243; x_wconf 76' lang='lat' dir='ltr'><strong>eeoneeounnu</strong></span> <span class='ocrx_word' id='word_1_3' title='bbox 729 202 764 241; x_wconf 85' lang='lat' dir='ltr'><strong>1n</strong></span> 
     </span>
    </p>
   </div>
   <div class='ocr_carea' id='block_1_2' title="bbox 160 335 1078 668">
    <p class='ocr_par' dir='ltr' id='par_1_2' title="bbox 160 335 1078 668">
     <span class='ocr_line' id='line_1_2' title="bbox 160 335 1077 415; baseline -0.005 -18"><span class='ocrx_word' id='word_1_4' title='bbox 160 339 262 415; x_wconf 89' lang='lat' dir='ltr'><strong>quibus</strong></span> <span class='ocrx_word' id='word_1_5' title='bbox 276 338 338 395; x_wconf 87' lang='lat' dir='ltr'><strong>addi</strong></span> <span class='ocrx_word' id='word_1_6' title='bbox 353 346 471 412; x_wconf 77' lang='lat' dir='ltr'><strong>possunt</strong></span> <span class='ocrx_word' id='word_1_7' title='bbox 488 337 539 393; x_wconf 90' lang='lat' dir='ltr'><strong>alia</strong></span> <span class='ocrx_word' id='word_1_8' title='bbox 556 336 685 394; x_wconf 86' lang='lat' dir='ltr'><strong>vocabula</strong></span> <span class='ocrx_word' id='word_1_9' title='bbox 702 335 838 410; x_wconf 88' lang='lat' dir='ltr'><strong>permulta</strong></span> <span class='ocrx_word' id='word_1_10' title='bbox 855 352 924 410; x_wconf 89' lang='lat' dir='ltr'><strong>quae</strong></span> <span class='ocrx_word' id='word_1_11' title='bbox 939 338 1077 409; x_wconf 88' lang='lat' dir='ltr'><strong>posterio-</strong></span> 
     </span>
     <span class='ocr_line' id='line_1_3' title="bbox 161 420 1077 498; baseline -0.007 -17"><span class='ocrx_word' id='word_1_12' title='bbox 161 428 200 482; x_wconf 93' lang='lat' dir='ltr'><strong>ris</strong></span> <span class='ocrx_word' id='word_1_13' title='bbox 213 424 323 498; x_wconf 89' lang='lat' dir='ltr'><strong>quidem</strong></span> <span class='ocrx_word' id='word_1_14' title='bbox 338 425 433 479; x_wconf 89' lang='lat' dir='ltr'><strong>aetatis</strong></span> <span class='ocrx_word' id='word_1_15' title='bbox 445 422 587 495; x_wconf 78' lang='lat' dir='ltr'>scriptori,</span> <span class='ocrx_word' id='word_1_16' title='bbox 603 421 714 477; x_wconf 86' lang='lat' dir='ltr'><strong>minime</strong></span> <span class='ocrx_word' id='word_1_17' title='bbox 730 438 793 477; x_wconf 92' lang='lat' dir='ltr'><strong>vero</strong></span> <span class='ocrx_word' id='word_1_18' title='bbox 806 420 888 477; x_wconf 83' lang='lat' dir='ltr'><strong>Balbo</strong></span> <span class='ocrx_word' id='word_1_19' title='bbox 903 420 1077 490; x_wconf 80' lang='lat' dir='ltr'><strong>conveniant,</strong></span> 
     </span>
     <span class='ocr_line' id='line_1_4' title="bbox 163 502 1078 580; baseline -0.008 -14"><span class='ocrx_word' id='word_1_20' title='bbox 163 518 193 566; x_wconf 95' lang='lat' dir='ltr'><strong>ut</strong></span> <span class='ocrx_word' id='word_1_21' title='bbox 208 513 350 565; x_wconf 75' lang='lat' dir='ltr'><em>minutiae</em></span> <span class='ocrx_word' id='word_1_22' title='bbox 366 506 405 578; x_wconf 92' lang='lat'><strong>(1.</strong></span> <span class='ocrx_word' id='word_1_23' title='bbox 426 505 486 578; x_wconf 88' lang='lat'><strong>10),</strong></span> <span class='ocrx_word' id='word_1_24' title='bbox 503 508 660 562; x_wconf 73' lang='lat' dir='ltr'><strong><em>character</em></strong></span> <span class='ocrx_word' id='word_1_25' title='bbox 678 502 740 576; x_wconf 73' lang='lat'><strong>(12,</strong></span> <span class='ocrx_word' id='word_1_26' title='bbox 755 523 805 580; x_wconf 90' lang='lat' dir='ltr'><strong>pro</strong></span> <span class='ocrx_word' id='word_1_27' title='bbox 821 503 919 576; x_wconf 83' lang='lat' dir='ltr'><strong>uoto),</strong></span> <span class='ocrx_word' id='word_1_28' title='bbox 936 505 1078 560; x_wconf 77' lang='lat' dir='ltr'><strong>medietas</strong></span> 
     </span>
     <span class='ocr_line' id='line_1_5' title="bbox 164 591 940 668; baseline -0.005 -20"><span class='ocrx_word' id='word_1_29' title='bbox 164 592 242 668; x_wconf 79' lang='lat'><strong>(15),</strong></span> <span class='ocrx_word' id='word_1_30' title='bbox 261 591 313 649; x_wconf 88' lang='lat' dir='ltr'><strong>alia</strong></span> <span class='ocrx_word' id='word_1_31' title='bbox 328 592 355 648; x_wconf 94' lang='lat' dir='ltr'><strong>id</strong></span> <span class='ocrx_word' id='word_1_32' title='bbox 370 608 464 664; x_wconf 78' lang='lat' dir='ltr'><strong>genus.</strong></span> <span class='ocrx_word' id='word_1_33' title='bbox 937 608 940 613; x_wconf 64' lang='lat'><strong><em>¹</em></strong></span> 
     </span>
    </p>
   </div>
   <div class='ocr_carea' id='block_1_3' title="bbox 162 671 1083 2417">
    <p class='ocr_par' dir='ltr' id='par_1_3' title="bbox 162 671 1083 2417">
     <span class='ocr_line' id='line_1_6' title="bbox 226 671 1079 749; baseline -0.007 -16"><span class='ocrx_word' id='word_1_34' title='bbox 226 676 304 745; x_wconf 79' lang='lat' dir='ltr'><strong>Quod</strong></span> <span class='ocrx_word' id='word_1_35' title='bbox 320 676 343 733; x_wconf 91' lang='lat' dir='ltr'><strong>si</strong></span> <span class='ocrx_word' id='word_1_36' title='bbox 359 676 421 749; x_wconf 91' lang='lat' dir='ltr'><strong>quis</strong></span> <span class='ocrx_word' id='word_1_37' title='bbox 436 676 532 749; x_wconf 90' lang='lat' dir='ltr'><strong>utiquc</strong></span> <span class='ocrx_word' id='word_1_38' title='bbox 554 674 653 731; x_wconf 89' lang='lat' dir='ltr'><strong>librum</strong></span> <span class='ocrx_word' id='word_1_39' title='bbox 674 675 707 732; x_wconf 90' lang='lat' dir='ltr'><strong>de</strong></span> <span class='ocrx_word' id='word_1_40' title='bbox 722 692 791 735; x_wconf 71' lang='lat' dir='ltr'><strong>,asse</strong></span> <span class='ocrx_word' id='word_1_41' title='bbox 806 673 888 730; x_wconf 80' lang='lat' dir='ltr'><strong>Balio</strong></span> <span class='ocrx_word' id='word_1_42' title='bbox 910 672 974 729; x_wconf 87' lang='lat' dir='ltr'><strong>velit</strong></span> <span class='ocrx_word' id='word_1_43' title='bbox 991 671 1079 728; x_wconf 90' lang='lat' dir='ltr'><strong>vindi·</strong></span> 
     </span>
     <span class='ocr_line' id='line_1_7' title="bbox 162 757 1079 834; baseline -0.01 -14"><span class='ocrx_word' id='word_1_44' title='bbox 162 777 235 834; x_wconf 87' lang='lat' dir='ltr'><strong>care,</strong></span> <span class='ocrx_word' id='word_1_45' title='bbox 255 762 278 817; x_wconf 91' lang='lat' dir='ltr'><strong>is</strong></span> <span class='ocrx_word' id='word_1_46' title='bbox 293 761 390 816; x_wconf 84' lang='lat' dir='ltr'><strong>dixerit</strong></span> <span class='ocrx_word' id='word_1_47' title='bbox 406 760 521 816; x_wconf 76' lang='lat' dir='ltr'><strong>forsitan</strong></span> <span class='ocrx_word' id='word_1_48' title='bbox 537 776 595 816; x_wconf 90' lang='lat' dir='ltr'><strong>eam</strong></span> <span class='ocrx_word' id='word_1_49' title='bbox 613 758 676 816; x_wconf 85' lang='lat' dir='ltr'><strong>utri</strong></span> <span class='ocrx_word' id='word_1_50' title='bbox 692 760 807 815; x_wconf 90' lang='lat' dir='ltr'><strong>lormam</strong></span> <span class='ocrx_word' id='word_1_51' title='bbox 824 759 936 832; x_wconf 88' lang='lat' dir='ltr'><strong>quaein</strong></span> <span class='ocrx_word' id='word_1_52' title='bbox 953 757 1079 814; x_wconf 91' lang='lat' dir='ltr'><strong>manibus</strong></span> 
     </span>
     <span class='ocr_line' id='line_1_8' title="bbox 163 842 1080 920; baseline -0.007 -18"><span class='ocrx_word' id='word_1_53' title='bbox 163 856 205 903; x_wconf 90' lang='lat' dir='ltr'><strong>est</strong></span> <span class='ocrx_word' id='word_1_54' title='bbox 218 848 338 920; x_wconf 85' lang='lat' dir='ltr'><strong>spuriam</strong></span> <span class='ocrx_word' id='word_1_55' title='bbox 356 861 416 900; x_wconf 88' lang='lat' dir='ltr'><strong>esse</strong></span> <span class='ocrx_word' id='word_1_56' title='bbox 432 853 459 899; x_wconf 89' lang='lat' dir='ltr'><strong>et</strong></span> <span class='ocrx_word' id='word_1_57' title='bbox 474 845 646 918; x_wconf 77' lang='lat' dir='ltr'><strong>depravatam</strong></span> <span class='ocrx_word' id='word_1_58' title='bbox 662 860 694 899; x_wconf 90' lang='lat' dir='ltr'><strong>ex</strong></span> <span class='ocrx_word' id='word_1_59' title='bbox 709 843 799 918; x_wconf 86' lang='lat' dir='ltr'><strong>aliqua</strong></span> <span class='ocrx_word' id='word_1_60' title='bbox 813 851 892 916; x_wconf 89' lang='lat' dir='ltr'><strong>parte</strong></span> <span class='ocrx_word' id='word_1_61' title='bbox 904 842 979 898; x_wconf 85' lang='lat' dir='ltr'><strong>Balbi</strong></span> <span class='ocrx_word' id='word_1_62' title='bbox 995 857 1080 913; x_wconf 88' lang='lat' dir='ltr'><strong>expo-</strong></span> 
     </span>
     <span class='ocr_line' id='line_1_9' title="bbox 162 924 1079 1004; baseline -0.009 -17"><span class='ocrx_word' id='word_1_63' title='bbox 162 931 271 987; x_wconf 90' lang='lat' dir='ltr'><strong>sitionis</strong></span> <span class='ocrx_word' id='word_1_64' title='bbox 286 947 358 986; x_wconf 89' lang='lat' dir='ltr'><strong>nunc</strong></span> <span class='ocrx_word' id='word_1_65' title='bbox 373 929 487 1003; x_wconf 91' lang='lat' dir='ltr'><strong>perdita.</strong></span> <span class='ocrx_word' id='word_1_66' title='bbox 515 932 550 984; x_wconf 82' lang='lat' dir='ltr'><strong>ut</strong></span> <span class='ocrx_word' id='word_1_67' title='bbox 565 929 589 985; x_wconf 89' lang='lat' dir='ltr'><strong>si</strong></span> <span class='ocrx_word' id='word_1_68' title='bbox 603 928 784 1004; x_wconf 86' lang='lat' dir='ltr'><strong>probabiliter</strong></span> <span class='ocrx_word' id='word_1_69' title='bbox 799 945 882 1001; x_wconf 89' lang='lat' dir='ltr'><strong>supra</strong></span> <span class='ocrx_word' id='word_1_70' title='bbox 898 927 931 982; x_wconf 91' lang='lat' dir='ltr'><strong>de</strong></span> <span class='ocrx_word' id='word_1_71' title='bbox 943 926 992 982; x_wconf 91' lang='lat' dir='ltr'><strong>illo</strong></span> <span class='ocrx_word' id='word_1_72' title='bbox 1003 924 1079 981; x_wconf 93' lang='lat' dir='ltr'><strong>Balbi</strong></span> 
     </span>
     <span class='ocr_line' id='line_1_10' title="bbox 163 1008 1081 1088; baseline -0.008 -16"><span class='ocrx_word' id='word_1_73' title='bbox 163 1030 247 1088; x_wconf 88' lang='lat' dir='ltr'><strong>opere</strong></span> <span class='ocrx_word' id='word_1_74' title='bbox 265 1014 401 1087; x_wconf 86' lang='lat' dir='ltr'><strong>disputavi</strong></span> <span class='ocrx_word' id='word_1_75' title='bbox 419 1012 448 1084; x_wconf 69' lang='lat' dir='ltr'><strong>(S</strong></span> <span class='ocrx_word' id='word_1_76' title='bbox 466 1012 553 1085; x_wconf 83' lang='lat'><strong>112),</strong></span> <span class='ocrx_word' id='word_1_77' title='bbox 575 1029 706 1087; x_wconf 87' lang='lat' dir='ltr'><strong>quaenam</strong></span> <span class='ocrx_word' id='word_1_78' title='bbox 728 1029 793 1086; x_wconf 93' lang='lat' dir='ltr'><strong>pars</strong></span> <span class='ocrx_word' id='word_1_79' title='bbox 813 1012 873 1068; x_wconf 90' lang='lat' dir='ltr'><strong>eins</strong></span> <span class='ocrx_word' id='word_1_80' title='bbox 897 1008 1081 1084; x_wconf 80' lang='lat' dir='ltr'><strong>expositionis</strong></span> 
     </span>
     <span class='ocr_line' id='line_1_11' title="bbox 163 1094 1080 1171; baseline -0.004 -16"><span class='ocrx_word' id='word_1_81' title='bbox 163 1097 254 1155; x_wconf 85' lang='lat' dir='ltr'><strong>allerri</strong></span> <span class='ocrx_word' id='word_1_82' title='bbox 269 1115 350 1171; x_wconf 89' lang='lat' dir='ltr'><strong>posse</strong></span> <span class='ocrx_word' id='word_1_83' title='bbox 367 1097 490 1169; x_wconf 91' lang='lat' dir='ltr'><strong>videtur,</strong></span> <span class='ocrx_word' id='word_1_84' title='bbox 506 1098 552 1154; x_wconf 87' lang='lat' dir='ltr'><strong>ubi</strong></span> <span class='ocrx_word' id='word_1_85' title='bbox 566 1098 665 1154; x_wconf 82' lang='lat' dir='ltr'><strong>Battus</strong></span> <span class='ocrx_word' id='word_1_86' title='bbox 681 1104 729 1154; x_wconf 78' lang='lat' dir='ltr'><strong>nuit</strong></span> <span class='ocrx_word' id='word_1_87' title='bbox 745 1113 775 1152; x_wconf 89' lang='lat' dir='ltr'><strong>ea</strong></span> <span class='ocrx_word' id='word_1_88' title='bbox 792 1112 860 1170; x_wconf 89' lang='lat' dir='ltr'><strong>quae</strong></span> <span class='ocrx_word' id='word_1_89' title='bbox 875 1098 990 1152; x_wconf 92' lang='lat' dir='ltr'><strong>nuncin</strong></span> <span class='ocrx_word' id='word_1_90' title='bbox 1006 1094 1080 1151; x_wconf 89' lang='lat' dir='ltr'><strong>libro</strong></span> 
     </span>
     <span class='ocr_line' id='line_1_12' title="bbox 162 1180 1081 1255; baseline -0.004 -16"><span class='ocrx_word' id='word_1_91' title='bbox 162 1184 195 1239; x_wconf 89' lang='lat' dir='ltr'><strong>de</strong></span> <span class='ocrx_word' id='word_1_92' title='bbox 217 1198 278 1239; x_wconf 89' lang='lat' dir='ltr'><strong>asse</strong></span> <span class='ocrx_word' id='word_1_93' title='bbox 294 1182 410 1255; x_wconf 82' lang='lat' dir='ltr'><strong>legimus</strong></span> <span class='ocrx_word' id='word_1_94' title='bbox 425 1191 472 1238; x_wconf 90' lang='lat' dir='ltr'><strong>ant</strong></span> <span class='ocrx_word' id='word_1_95' title='bbox 487 1191 561 1238; x_wconf 88' lang='lat' dir='ltr'><strong>certe</strong></span> <span class='ocrx_word' id='word_1_96' title='bbox 580 1182 678 1238; x_wconf 87' lang='lat' dir='ltr'><strong>similia</strong></span> <span class='ocrx_word' id='word_1_97' title='bbox 696 1181 853 1252; x_wconf 84' lang='lat' dir='ltr'><strong>tradiderit,</strong></span> <span class='ocrx_word' id='word_1_98' title='bbox 876 1197 945 1254; x_wconf 89' lang='lat' dir='ltr'><strong>qnae</strong></span> <span class='ocrx_word' id='word_1_99' title='bbox 959 1196 1014 1237; x_wconf 91' lang='lat' dir='ltr'><strong>non</strong></span> <span class='ocrx_word' id='word_1_100' title='bbox 1030 1180 1081 1236; x_wconf 88' lang='lat' dir='ltr'><strong>mi·</strong></span> 
     </span>
     <span class='ocr_line' id='line_1_13' title="bbox 164 1264 1080 1340; baseline -0.004 -17"><span class='ocrx_word' id='word_1_101' title='bbox 164 1284 215 1323; x_wconf 89' lang='lat' dir='ltr'><strong>nus</strong></span> <span class='ocrx_word' id='word_1_102' title='bbox 237 1285 252 1322; x_wconf 92' lang='lat' dir='ltr'><strong>a</strong></span> <span class='ocrx_word' id='word_1_103' title='bbox 271 1267 506 1323; x_wconf 78' lang='lat' dir='ltr'><strong>demonstratione</strong></span> <span class='ocrx_word' id='word_1_104' title='bbox 525 1266 691 1339; x_wconf 81' lang='lat' dir='ltr'><strong>geometrica</strong></span> <span class='ocrx_word' id='word_1_105' title='bbox 706 1283 786 1340; x_wconf 90' lang='lat' dir='ltr'><strong>quam</strong></span> <span class='ocrx_word' id='word_1_106' title='bbox 805 1265 837 1322; x_wconf 91' lang='lat' dir='ltr'><strong>ab</strong></span> <span class='ocrx_word' id='word_1_107' title='bbox 853 1275 911 1321; x_wconf 89' lang='lat' dir='ltr'><strong>arte</strong></span> <span class='ocrx_word' id='word_1_108' title='bbox 928 1264 1080 1338; x_wconf 80' lang='lat' dir='ltr'><strong>gromatica</strong></span> 
     </span>
     <span class='ocr_line' id='line_1_14' title="bbox 164 1350 1081 1425; baseline -0.005 -16"><span class='ocrx_word' id='word_1_109' title='bbox 164 1350 250 1409; x_wconf 82' lang='lat' dir='ltr'><strong>aliena</strong></span> <span class='ocrx_word' id='word_1_110' title='bbox 273 1351 346 1407; x_wconf 84' lang='lat' dir='ltr'><strong>siut?</strong></span> <span class='ocrx_word' id='word_1_111' title='bbox 382 1350 480 1407; x_wconf 89' lang='lat' dir='ltr'><strong>Verum</strong></span> <span class='ocrx_word' id='word_1_112' title='bbox 500 1367 534 1407; x_wconf 91' lang='lat' dir='ltr'><strong>ne</strong></span> <span class='ocrx_word' id='word_1_113' title='bbox 556 1353 584 1407; x_wconf 91' lang='lat' dir='ltr'><strong>in</strong></span> <span class='ocrx_word' id='word_1_114' title='bbox 604 1352 647 1406; x_wconf 90' lang='lat' dir='ltr'><strong>his</strong></span> <span class='ocrx_word' id='word_1_115' title='bbox 668 1351 740 1407; x_wconf 92' lang='lat' dir='ltr'><strong>ultra</strong></span> <span class='ocrx_word' id='word_1_116' title='bbox 763 1351 872 1406; x_wconf 89' lang='lat' dir='ltr'><strong>modum</strong></span> <span class='ocrx_word' id='word_1_117' title='bbox 893 1351 1081 1425; x_wconf 86' lang='lat' dir='ltr'><strong>immoremur,</strong></span> 
     </span>
     <span class='ocr_line' id='line_1_15' title="bbox 163 1432 1081 1509; baseline -0.005 -16"><span class='ocrx_word' id='word_1_118' title='bbox 163 1453 225 1493; x_wconf 90' lang='lat' dir='ltr'><strong>cum</strong></span> <span class='ocrx_word' id='word_1_119' title='bbox 241 1436 410 1509; x_wconf 90' lang='lat' dir='ltr'><strong>exploratum</strong></span> <span class='ocrx_word' id='word_1_120' title='bbox 426 1435 463 1491; x_wconf 92' lang='lat' dir='ltr'><strong>sit</strong></span> <span class='ocrx_word' id='word_1_121' title='bbox 477 1444 505 1491; x_wconf 90' lang='lat' dir='ltr'><strong>et</strong></span> <span class='ocrx_word' id='word_1_122' title='bbox 520 1452 579 1491; x_wconf 87' lang='lat' dir='ltr'><strong>earn</strong></span> <span class='ocrx_word' id='word_1_123' title='bbox 597 1435 712 1491; x_wconf 81' lang='lat' dir='ltr'><strong>sormam</strong></span> <span class='ocrx_word' id='word_1_124' title='bbox 728 1432 792 1491; x_wconf 93' lang='lat' dir='ltr'><strong>libri</strong></span> <span class='ocrx_word' id='word_1_125' title='bbox 808 1451 877 1508; x_wconf 91' lang='lat' dir='ltr'><strong>quae</strong></span> <span class='ocrx_word' id='word_1_126' title='bbox 894 1442 981 1490; x_wconf 87' lang='lat' dir='ltr'><strong>exstat</strong></span> <span class='ocrx_word' id='word_1_127' title='bbox 996 1432 1081 1489; x_wconf 81' lang='lat' dir='ltr'><strong>narbo</strong></span> 
     </span>
     <span class='ocr_line' id='line_1_16' title="bbox 164 1516 1081 1594; baseline -0.002 -19"><span class='ocrx_word' id='word_1_128' title='bbox 164 1520 249 1576; x_wconf 93' lang='lat' dir='ltr'><strong>tribui</strong></span> <span class='ocrx_word' id='word_1_129' title='bbox 265 1537 320 1576; x_wconf 93' lang='lat' dir='ltr'><strong>non</strong></span> <span class='ocrx_word' id='word_1_130' title='bbox 335 1536 434 1594; x_wconf 86' lang='lat' dir='ltr'><strong>posse,</strong></span> <span class='ocrx_word' id='word_1_131' title='bbox 454 1530 481 1576; x_wconf 91' lang='lat' dir='ltr'><strong>et</strong></span> <span class='ocrx_word' id='word_1_132' title='bbox 496 1537 580 1576; x_wconf 93' lang='lat' dir='ltr'><strong>uuum</strong></span> <span class='ocrx_word' id='word_1_133' title='bbox 597 1522 656 1576; x_wconf 92' lang='lat' dir='ltr'><strong>eius</strong></span> <span class='ocrx_word' id='word_1_134' title='bbox 672 1520 712 1576; x_wconf 92' lang='lat' dir='ltr'><strong>rei</strong></span> <span class='ocrx_word' id='word_1_135' title='bbox 728 1536 787 1575; x_wconf 91' lang='lat' dir='ltr'><strong>esse</strong></span> <span class='ocrx_word' id='word_1_136' title='bbox 803 1527 943 1576; x_wconf 84' lang='lat' dir='ltr'><strong>auctorem</strong></span> <span class='ocrx_word' id='word_1_137' title='bbox 959 1516 1081 1588; x_wconf 86' lang='lat' dir='ltr'><strong>Calvum,</strong></span> 
     </span>
     <span class='ocr_line' id='line_1_17' title="bbox 164 1597 1081 1677; baseline -0.001 -17"><span class='ocrx_word' id='word_1_138' title='bbox 164 1605 211 1677; x_wconf 90' lang='lat' dir='ltr'><strong>qui</strong></span> <span class='ocrx_word' id='word_1_139' title='bbox 228 1621 295 1660; x_wconf 90' lang='lat' dir='ltr'><strong>usus</strong></span> <span class='ocrx_word' id='word_1_140' title='bbox 311 1621 372 1661; x_wconf 89' lang='lat' dir='ltr'><strong>csse</strong></span> <span class='ocrx_word' id='word_1_141' title='bbox 388 1604 495 1660; x_wconf 89' lang='lat' dir='ltr'><strong>videtur</strong></span> <span class='ocrx_word' id='word_1_142' title='bbox 517 1604 564 1661; x_wconf 93' lang='lat' dir='ltr'><strong>illo</strong></span> <span class='ocrx_word' id='word_1_143' title='bbox 588 1604 681 1661; x_wconf 90' lang='lat' dir='ltr'><strong>codice</strong></span> <span class='ocrx_word' id='word_1_144' title='bbox 702 1608 850 1661; x_wconf 83' lang='lat' dir='ltr'><strong>Arceriano</strong></span> <span class='ocrx_word' id='word_1_145' title='bbox 869 1597 1081 1675; x_wconf 78' lang='lat' dir='ltr'><strong>nobilissimo⁹),</strong></span> 
     </span>
     <span class='ocr_line' id='line_1_18' title="bbox 163 1688 1081 1762; baseline -0.001 -19"><span class='ocrx_word' id='word_1_146' title='bbox 163 1688 236 1743; x_wconf 90' lang='lat' dir='ltr'><strong>unde</strong></span> <span class='ocrx_word' id='word_1_147' title='bbox 256 1696 283 1743; x_wconf 89' lang='lat' dir='ltr'><strong>ct</strong></span> <span class='ocrx_word' id='word_1_148' title='bbox 305 1688 378 1744; x_wconf 81' lang='lat' dir='ltr'><strong>balbi</strong></span> <span class='ocrx_word' id='word_1_149' title='bbox 402 1691 580 1762; x_wconf 80' lang='lat' dir='ltr'><strong>expositionis</strong></span> <span class='ocrx_word' id='word_1_150' title='bbox 603 1689 710 1745; x_wconf 91' lang='lat' dir='ltr'><strong>initium</strong></span> <span class='ocrx_word' id='word_1_151' title='bbox 735 1698 763 1745; x_wconf 92' lang='lat' dir='ltr'><strong>et</strong></span> <span class='ocrx_word' id='word_1_152' title='bbox 785 1688 835 1744; x_wconf 90' lang='lat' dir='ltr'><strong>alia</strong></span> <span class='ocrx_word' id='word_1_153' title='bbox 863 1689 1081 1761; x_wconf 81' lang='lat' dir='ltr'><strong>gromaticorum</strong></span> 
     </span>
     <span class='ocr_line' id='line_1_19' title="bbox 163 1770 1082 1846; baseline 0 -19"><span class='ocrx_word' id='word_1_154' title='bbox 163 1772 266 1845; x_wconf 91' lang='lat' dir='ltr'><strong>scripta</strong></span> <span class='ocrx_word' id='word_1_155' title='bbox 287 1772 359 1828; x_wconf 92' lang='lat' dir='ltr'><strong>edita</strong></span> <span class='ocrx_word' id='word_1_156' title='bbox 380 1780 445 1827; x_wconf 90' lang='lat' dir='ltr'><strong>sunt</strong></span> <span class='ocrx_word' id='word_1_157' title='bbox 467 1772 682 1828; x_wconf 88' lang='lat' dir='ltr'><strong>aLachmauuo:</strong></span> <span class='ocrx_word' id='word_1_158' title='bbox 708 1773 769 1828; x_wconf 86' lang='lat' dir='ltr'><strong>iude</strong></span> <span class='ocrx_word' id='word_1_159' title='bbox 793 1773 926 1846; x_wconf 91' lang='lat' dir='ltr'><strong>suspicari</strong></span> <span class='ocrx_word' id='word_1_160' title='bbox 942 1770 1082 1828; x_wconf 81' lang='lat' dir='ltr'><strong>licet&#39;Cal·</strong></span> 
     </span>
     <span class='ocr_line' id='line_1_20' title="bbox 163 1855 1081 1930; baseline 0 -19"><span class='ocrx_word' id='word_1_161' title='bbox 163 1873 226 1912; x_wconf 87' lang='lat' dir='ltr'><strong>vum</strong></span> <span class='ocrx_word' id='word_1_162' title='bbox 242 1858 270 1911; x_wconf 91' lang='lat' dir='ltr'><strong>in</strong></span> <span class='ocrx_word' id='word_1_163' title='bbox 285 1856 380 1913; x_wconf 87' lang='lat' dir='ltr'><strong>eodem</strong></span> <span class='ocrx_word' id='word_1_164' title='bbox 396 1856 498 1927; x_wconf 89' lang='lat' dir='ltr'><strong>codice,</strong></span> <span class='ocrx_word' id='word_1_165' title='bbox 515 1874 596 1930; x_wconf 91' lang='lat' dir='ltr'><strong>quem</strong></span> <span class='ocrx_word' id='word_1_166' title='bbox 613 1855 677 1912; x_wconf 92' lang='lat' dir='ltr'><strong>olim</strong></span> <span class='ocrx_word' id='word_1_167' title='bbox 692 1855 844 1930; x_wconf 90' lang='lat' dir='ltr'><strong>pleniorem</strong></span> <span class='ocrx_word' id='word_1_168' title='bbox 860 1857 944 1912; x_wconf 89' lang='lat' dir='ltr'><strong>luisse</strong></span> <span class='ocrx_word' id='word_1_169' title='bbox 960 1863 1081 1926; x_wconf 87' lang='lat' dir='ltr'><strong>constat,</strong></span> 
     </span>
     <span class='ocr_line' id='line_1_21' title="bbox 164 1939 1083 1998; baseline -0.002 -1"><span class='ocrx_word' id='word_1_170' title='bbox 164 1942 301 1997; x_wconf 88' lang='lat' dir='ltr'><strong>iuvenisse</strong></span> <span class='ocrx_word' id='word_1_171' title='bbox 317 1941 417 1997; x_wconf 73' lang='lat' dir='ltr'><strong>illorum</strong></span> <span class='ocrx_word' id='word_1_172' title='bbox 433 1941 465 1996; x_wconf 91' lang='lat' dir='ltr'><strong>de</strong></span> <span class='ocrx_word' id='word_1_173' title='bbox 482 1958 543 1997; x_wconf 89' lang='lat' dir='ltr'><strong>asse</strong></span> <span class='ocrx_word' id='word_1_174' title='bbox 558 1941 635 1997; x_wconf 89' lang='lat' dir='ltr'><strong>nullo</strong></span> <span class='ocrx_word' id='word_1_175' title='bbox 649 1943 770 1998; x_wconf 89' lang='lat' dir='ltr'><strong>auctoris</strong></span> <span class='ocrx_word' id='word_1_176' title='bbox 787 1941 868 1997; x_wconf 91' lang='lat' dir='ltr'><strong>titulo</strong></span> <span class='ocrx_word' id='word_1_177' title='bbox 882 1940 991 1997; x_wconf 87' lang='lat' dir='ltr'><strong>affixum</strong></span> <span class='ocrx_word' id='word_1_178' title='bbox 1004 1939 1083 1996; x_wconf 90' lang='lat' dir='ltr'><strong>Balbi</strong></span> 
     </span>
     <span class='ocr_line' id='line_1_22' title="bbox 164 2025 1082 2100; baseline -0.001 -19"><span class='ocrx_word' id='word_1_179' title='bbox 164 2027 345 2099; x_wconf 83' lang='lat' dir='ltr'><strong>expositionis</strong></span> <span class='ocrx_word' id='word_1_180' title='bbox 370 2025 511 2100; x_wconf 89' lang='lat' dir='ltr'><strong>reliqniis,</strong></span> <span class='ocrx_word' id='word_1_181' title='bbox 538 2043 569 2082; x_wconf 91' lang='lat' dir='ltr'><strong>ac</strong></span> <span class='ocrx_word' id='word_1_182' title='bbox 595 2044 656 2083; x_wconf 92' lang='lat' dir='ltr'><strong>cum</strong></span> <span class='ocrx_word' id='word_1_183' title='bbox 681 2027 768 2100; x_wconf 87' lang='lat' dir='ltr'><strong>ipsam</strong></span> <span class='ocrx_word' id='word_1_184' title='bbox 795 2027 993 2099; x_wconf 82' lang='lat' dir='ltr'><strong>expositionem</strong></span> <span class='ocrx_word' id='word_1_185' title='bbox 1022 2034 1082 2081; x_wconf 90' lang='lat' dir='ltr'><strong>tum</strong></span> 
     </span>
     <span class='ocr_line' id='line_1_23' title="bbox 164 2111 1082 2184; baseline -0.001 -18"><span class='ocrx_word' id='word_1_186' title='bbox 164 2111 245 2167; x_wconf 89' lang='lat' dir='ltr'><strong>edere</strong></span> <span class='ocrx_word' id='word_1_187' title='bbox 262 2127 316 2166; x_wconf 90' lang='lat' dir='ltr'><strong>nou</strong></span> <span class='ocrx_word' id='word_1_188' title='bbox 333 2120 442 2183; x_wconf 89' lang='lat' dir='ltr'><strong>posset,</strong></span> <span class='ocrx_word' id='word_1_189' title='bbox 467 2112 494 2165; x_wconf 95' lang='lat' dir='ltr'><strong>in</strong></span> <span class='ocrx_word' id='word_1_190' title='bbox 515 2111 667 2184; x_wconf 86' lang='lat' dir='ltr'><strong>praeseutia</strong></span> <span class='ocrx_word' id='word_1_191' title='bbox 683 2111 839 2166; x_wconf 84' lang='lat' dir='ltr'><strong>exhibuisse</strong></span> <span class='ocrx_word' id='word_1_192' title='bbox 855 2112 1082 2171; x_wconf 86' lang='lat' dir='ltr'><strong>commentarium</strong></span> 
     </span>
     <span class='ocr_line' id='line_1_24' title="bbox 165 2195 1083 2269; baseline 0.001 -20"><span class='ocrx_word' id='word_1_193' title='bbox 165 2195 198 2250; x_wconf 91' lang='lat' dir='ltr'><strong>dc</strong></span> <span class='ocrx_word' id='word_1_194' title='bbox 219 2211 296 2264; x_wconf 91' lang='lat' dir='ltr'><strong>asse,</strong></span> <span class='ocrx_word' id='word_1_195' title='bbox 319 2212 399 2268; x_wconf 87' lang='lat' dir='ltr'><strong>quem</strong></span> <span class='ocrx_word' id='word_1_196' title='bbox 421 2212 481 2251; x_wconf 94' lang='lat' dir='ltr'><strong>cum</strong></span> <span class='ocrx_word' id='word_1_197' title='bbox 502 2195 680 2269; x_wconf 90' lang='lat' dir='ltr'><strong>expositionis</strong></span> <span class='ocrx_word' id='word_1_198' title='bbox 701 2204 808 2268; x_wconf 78' lang='lat' dir='ltr'><strong>portem</strong></span> <span class='ocrx_word' id='word_1_199' title='bbox 830 2211 890 2250; x_wconf 88' lang='lat' dir='ltr'><strong>csse</strong></span> <span class='ocrx_word' id='word_1_200' title='bbox 910 2196 1083 2269; x_wconf 85' lang='lat' dir='ltr'><strong>opinaretur,</strong></span> 
     </span>
     <span class='ocr_line' id='line_1_25' title="bbox 165 2278 1082 2352; baseline 0.005 -20"><span class='ocrx_word' id='word_1_201' title='bbox 165 2278 227 2333; x_wconf 90' lang='lat' dir='ltr'><strong>iude</strong></span> <span class='ocrx_word' id='word_1_202' title='bbox 248 2280 368 2333; x_wconf 90' lang='lat' dir='ltr'><strong>auctoris</strong></span> <span class='ocrx_word' id='word_1_203' title='bbox 389 2281 499 2334; x_wconf 88' lang='lat' dir='ltr'><strong>nomine</strong></span> <span class='ocrx_word' id='word_1_204' title='bbox 520 2281 638 2352; x_wconf 91' lang='lat' dir='ltr'><strong>repetito</strong></span> <span class='ocrx_word' id='word_1_205' title='bbox 661 2280 823 2335; x_wconf 83' lang='lat' dir='ltr'><strong>inscriberet</strong></span> <span class='ocrx_word' id='word_1_206' title='bbox 840 2279 946 2334; x_wconf 83' lang='lat' dir='ltr'><strong>Belius</strong></span> <span class='ocrx_word' id='word_1_207' title='bbox 962 2280 1002 2334; x_wconf 87' lang='lat' dir='ltr'><strong>nd</strong></span> <span class='ocrx_word' id='word_1_208' title='bbox 1018 2279 1082 2337; x_wconf 86' lang='lat' dir='ltr'><strong>Cel·</strong></span> 
     </span>
     <span class='ocr_line' id='line_1_26' title="bbox 165 2362 430 2417; baseline 0.008 -2"><span class='ocrx_word' id='word_1_209' title='bbox 165 2378 228 2416; x_wconf 87' lang='lat' dir='ltr'><strong>sum</strong></span> <span class='ocrx_word' id='word_1_210' title='bbox 244 2362 281 2415; x_wconf 87' lang='lat' dir='ltr'><strong>de</strong></span> <span class='ocrx_word' id='word_1_211' title='bbox 299 2377 364 2416; x_wconf 83' lang='lat' dir='ltr'><strong>asse</strong></span> <span class='ocrx_word' id='word_1_212' title='bbox 379 2371 430 2417; x_wconf 87' lang='lat' dir='ltr'><strong>cet.</strong></span> 
     </span>
    </p>
   </div>
   <div class='ocr_carea' id='block_1_4' title="bbox 164 2462 1085 3130">
    <p class='ocr_par' dir='ltr' id='par_1_4' title="bbox 164 2462 1085 3130">
     <span class='ocr_line' id='line_1_27' title="bbox 223 2462 1082 2534; baseline 0.006 -19"><span class='ocrx_word' id='word_1_213' title='bbox 223 2462 323 2516; x_wconf 87' lang='lat' dir='ltr'><strong>Verum</strong></span> <span class='ocrx_word' id='word_1_214' title='bbox 343 2462 417 2534; x_wconf 89' lang='lat' dir='ltr'><strong>quod</strong></span> <span class='ocrx_word' id='word_1_215' title='bbox 434 2463 516 2519; x_wconf 81' lang='lat' dir='ltr'><strong>Belin</strong></span> <span class='ocrx_word' id='word_1_216' title='bbox 539 2464 745 2521; x_wconf 76' lang='lat' dir='ltr'><strong>ubiuclicaudum</strong></span> <span class='ocrx_word' id='word_1_217' title='bbox 770 2480 830 2521; x_wconf 89' lang='lat' dir='ltr'><strong>csse</strong></span> <span class='ocrx_word' id='word_1_218' title='bbox 846 2481 990 2521; x_wconf 83' lang='lat' dir='ltr'><strong>censemus</strong></span> <span class='ocrx_word' id='word_1_219' title='bbox 1007 2464 1082 2520; x_wconf 92' lang='lat' dir='ltr'><strong>huuc</strong></span> 
     </span>
     <span class='ocr_line' id='line_1_28' title="bbox 164 2545 1083 2617; baseline 0.004 -17"><span class='ocrx_word' id='word_1_220' title='bbox 164 2546 197 2600; x_wconf 88' lang='lat' dir='ltr'><strong>de</strong></span> <span class='ocrx_word' id='word_1_221' title='bbox 221 2564 281 2603; x_wconf 90' lang='lat' dir='ltr'><strong>asse</strong></span> <span class='ocrx_word' id='word_1_222' title='bbox 299 2545 417 2617; x_wconf 88' lang='lat' dir='ltr'><strong>librum,</strong></span> <span class='ocrx_word' id='word_1_223' title='bbox 439 2548 550 2605; x_wconf 90' lang='lat' dir='ltr'><strong>minime</strong></span> <span class='ocrx_word' id='word_1_224' title='bbox 571 2549 690 2605; x_wconf 90' lang='lat' dir='ltr'><strong>eiusdem</strong></span> <span class='ocrx_word' id='word_1_225' title='bbox 712 2549 775 2605; x_wconf 91' lang='lat' dir='ltr'><strong>libri</strong></span> <span class='ocrx_word' id='word_1_226' title='bbox 797 2550 989 2605; x_wconf 89' lang='lat' dir='ltr'><strong>auctoritatem</strong></span> <span class='ocrx_word' id='word_1_227' title='bbox 1004 2548 1083 2605; x_wconf 91' lang='lat' dir='ltr'><strong>volu·</strong></span> 
     </span>
     <span class='ocr_line' id='line_1_29' title="bbox 164 2631 1083 2702; baseline 0.007 -18"><span class='ocrx_word' id='word_1_228' title='bbox 164 2647 224 2685; x_wconf 91' lang='lat' dir='ltr'><strong>mus</strong></span> <span class='ocrx_word' id='word_1_229' title='bbox 236 2631 395 2702; x_wconf 82' lang='lat' dir='ltr'><strong>iufringere.</strong></span> <span class='ocrx_word' id='word_1_230' title='bbox 429 2632 494 2687; x_wconf 75' lang='lat' dir='ltr'><strong>lituu</strong></span> <span class='ocrx_word' id='word_1_231' title='bbox 509 2633 615 2688; x_wconf 87' lang='lat' dir='ltr'><strong>maximi</strong></span> <span class='ocrx_word' id='word_1_232' title='bbox 631 2641 673 2688; x_wconf 88' lang='lat' dir='ltr'><strong>est</strong></span> <span class='ocrx_word' id='word_1_233' title='bbox 692 2634 820 2690; x_wconf 88' lang='lat' dir='ltr'><strong>momenti</strong></span> <span class='ocrx_word' id='word_1_234' title='bbox 839 2634 871 2689; x_wconf 92' lang='lat' dir='ltr'><strong>ad</strong></span> <span class='ocrx_word' id='word_1_235' title='bbox 887 2650 943 2688; x_wconf 91' lang='lat' dir='ltr'><strong>rem</strong></span> <span class='ocrx_word' id='word_1_236' title='bbox 958 2650 1083 2690; x_wconf 89' lang='lat' dir='ltr'><strong>numma-</strong></span> 
     </span>
     <span class='ocr_line' id='line_1_30' title="bbox 165 2715 1083 2791; baseline 0.005 -23"><span class='ocrx_word' id='word_1_237' title='bbox 165 2715 230 2769; x_wconf 88' lang='lat' dir='ltr'><strong>riam</strong></span> <span class='ocrx_word' id='word_1_238' title='bbox 247 2715 346 2770; x_wconf 90' lang='lat' dir='ltr'><strong>saeculi</strong></span> <span class='ocrx_word' id='word_1_239' title='bbox 362 2718 453 2788; x_wconf 86' lang='lat' dir='ltr'><strong>tertii,</strong></span> <span class='ocrx_word' id='word_1_240' title='bbox 475 2716 546 2773; x_wconf 90' lang='lat' dir='ltr'><strong>sicut</strong></span> <span class='ocrx_word' id='word_1_241' title='bbox 569 2733 652 2789; x_wconf 88' lang='lat' dir='ltr'><strong>supra</strong></span> <span class='ocrx_word' id='word_1_242' title='bbox 671 2717 887 2774; x_wconf 88' lang='lat' dir='ltr'><strong>demonstratum</strong></span> <span class='ocrx_word' id='word_1_243' title='bbox 909 2726 960 2774; x_wconf 92' lang='lat' dir='ltr'><strong>est.</strong></span> <span class='ocrx_word' id='word_1_244' title='bbox 992 2720 1083 2791; x_wconf 79' lang='lat' dir='ltr'><strong>Atque</strong></span> 
     </span>
     <span class='ocr_line' id='line_1_31' title="bbox 165 2798 1084 2877; baseline 0.007 -25"><span class='ocrx_word' id='word_1_245' title='bbox 165 2798 260 2853; x_wconf 90' lang='lat' dir='ltr'><strong>eodem</strong></span> <span class='ocrx_word' id='word_1_246' title='bbox 282 2799 390 2855; x_wconf 86' lang='lat' dir='ltr'><strong>saeculo</strong></span> <span class='ocrx_word' id='word_1_247' title='bbox 411 2809 458 2857; x_wconf 91' lang='lat' dir='ltr'><strong>aut</strong></span> <span class='ocrx_word' id='word_1_248' title='bbox 482 2802 572 2874; x_wconf 89' lang='lat' dir='ltr'><strong>ipsum</strong></span> <span class='ocrx_word' id='word_1_249' title='bbox 589 2801 662 2856; x_wconf 90' lang='lat' dir='ltr'><strong>huuc</strong></span> <span class='ocrx_word' id='word_1_250' title='bbox 682 2801 783 2858; x_wconf 91' lang='lat' dir='ltr'><strong>librum</strong></span> <span class='ocrx_word' id='word_1_251' title='bbox 805 2803 938 2877; x_wconf 92' lang='lat' dir='ltr'><strong>scriptum</strong></span> <span class='ocrx_word' id='word_1_252' title='bbox 958 2819 1018 2858; x_wconf 89' lang='lat' dir='ltr'><strong>csse</strong></span> <span class='ocrx_word' id='word_1_253' title='bbox 1036 2819 1084 2858; x_wconf 89' lang='lat' dir='ltr'><strong>uc-</strong></span> 
     </span>
     <span class='ocr_line' id='line_1_32' title="bbox 166 2884 1085 2960; baseline 0.008 -24"><span class='ocrx_word' id='word_1_254' title='bbox 166 2897 241 2937; x_wconf 88' lang='lat' dir='ltr'><strong>cesse</strong></span> <span class='ocrx_word' id='word_1_255' title='bbox 262 2893 305 2938; x_wconf 87' lang='lat' dir='ltr'><strong>est</strong></span> <span class='ocrx_word' id='word_1_256' title='bbox 322 2892 369 2939; x_wconf 91' lang='lat' dir='ltr'><strong>aut</strong></span> <span class='ocrx_word' id='word_1_257' title='bbox 388 2884 548 2958; x_wconf 91' lang='lat' dir='ltr'><strong>ampliorem</strong></span> <span class='ocrx_word' id='word_1_258' title='bbox 566 2886 713 2958; x_wconf 87' lang='lat' dir='ltr'><strong>quendam,</strong></span> <span class='ocrx_word' id='word_1_259' title='bbox 736 2887 807 2943; x_wconf 91' lang='lat' dir='ltr'><strong>uude</strong></span> <span class='ocrx_word' id='word_1_260' title='bbox 828 2887 873 2944; x_wconf 92' lang='lat' dir='ltr'><strong>hic</strong></span> <span class='ocrx_word' id='word_1_261' title='bbox 893 2896 989 2960; x_wconf 88' lang='lat' dir='ltr'><strong>postea</strong></span> <span class='ocrx_word' id='word_1_262' title='bbox 1009 2904 1085 2943; x_wconf 90' lang='lat' dir='ltr'><strong>com-</strong></span> 
     </span>
     <span class='ocr_line' id='line_1_33' title="bbox 166 2967 1085 3045; baseline 0.008 -25"><span class='ocrx_word' id='word_1_263' title='bbox 166 2967 316 3023; x_wconf 89' lang='lat' dir='ltr'><strong>mentarius</strong></span> <span class='ocrx_word' id='word_1_264' title='bbox 338 2969 365 3022; x_wconf 93' lang='lat' dir='ltr'><strong>in</strong></span> <span class='ocrx_word' id='word_1_265' title='bbox 387 2969 496 3025; x_wconf 91' lang='lat' dir='ltr'><strong>brevius</strong></span> <span class='ocrx_word' id='word_1_266' title='bbox 519 2978 677 3026; x_wconf 91' lang='lat' dir='ltr'><strong>contractus</strong></span> <span class='ocrx_word' id='word_1_267' title='bbox 699 2973 750 3026; x_wconf 91' lang='lat' dir='ltr'><strong>sit:</strong></span> <span class='ocrx_word' id='word_1_268' title='bbox 772 2987 833 3027; x_wconf 89' lang='lat' dir='ltr'><strong>uum</strong></span> <span class='ocrx_word' id='word_1_269' title='bbox 856 2980 954 3045; x_wconf 89' lang='lat' dir='ltr'><strong>quarto</strong></span> <span class='ocrx_word' id='word_1_270' title='bbox 972 2970 1085 3028; x_wconf 89' lang='lat' dir='ltr'><strong>sacculo</strong></span> 
     </span>
     <span class='ocr_line' id='line_1_34' title="bbox 165 3051 1084 3130; baseline 0.009 -26"><span class='ocrx_word' id='word_1_271' title='bbox 165 3057 312 3123; x_wconf 87' lang='lat' dir='ltr'><strong>postquam</strong></span> <span class='ocrx_word' id='word_1_272' title='bbox 328 3051 522 3110; x_wconf 87' lang='lat' dir='ltr'><strong>Constantinus</strong></span> <span class='ocrx_word' id='word_1_273' title='bbox 546 3072 615 3110; x_wconf 91' lang='lat' dir='ltr'><strong>nova</strong></span> <span class='ocrx_word' id='word_1_274' title='bbox 637 3056 758 3111; x_wconf 84' lang='lat' dir='ltr'><strong>o&#39;muium</strong></span> <span class='ocrx_word' id='word_1_275' title='bbox 783 3073 957 3112; x_wconf 91' lang='lat' dir='ltr'><strong>nummorum</strong></span> <span class='ocrx_word' id='word_1_276' title='bbox 983 3071 1084 3130; x_wconf 80' lang='lat' dir='ltr'><strong>genera</strong></span> 
     </span>
    </p>
   </div>
   <div class='ocr_carea' id='block_1_5' title="bbox 166 3135 1086 3280">
    <p class='ocr_par' dir='ltr' id='par_1_5' title="bbox 166 3135 1086 3280">
     <span class='ocr_line' id='line_1_35' title="bbox 166 3135 1086 3215; baseline 0.007 -26"><span class='ocrx_word' id='word_1_277' title='bbox 166 3151 197 3189; x_wconf 90' lang='lat' dir='ltr'><strong>ac</strong></span> <span class='ocrx_word' id='word_1_278' title='bbox 211 3135 333 3192; x_wconf 83' lang='lat' dir='ltr'><strong>rationes</strong></span> <span class='ocrx_word' id='word_1_279' title='bbox 349 3137 477 3209; x_wconf 89' lang='lat' dir='ltr'><strong>instituit,</strong></span> <span class='ocrx_word' id='word_1_280' title='bbox 493 3155 571 3195; x_wconf 87' lang='lat' dir='ltr'><strong>nomo</strong></span> <span class='ocrx_word' id='word_1_281' title='bbox 588 3156 619 3196; x_wconf 89' lang='lat' dir='ltr'><strong>ea</strong></span> <span class='ocrx_word' id='word_1_282' title='bbox 634 3140 812 3197; x_wconf 74' lang='lat' dir='ltr'><strong>commentari</strong></span> <span class='ocrx_word' id='word_1_283' title='bbox 826 3142 918 3215; x_wconf 91' lang='lat' dir='ltr'><strong>potuit</strong></span> <span class='ocrx_word' id='word_1_284' title='bbox 932 3157 1002 3215; x_wconf 85' lang='lat' dir='ltr'><strong>quac</strong></span> <span class='ocrx_word' id='word_1_285' title='bbox 1014 3140 1086 3213; x_wconf 84' lang='lat' dir='ltr'><strong>legi·</strong></span> 
     </span>
     <span class='ocr_line' id='line_1_36' title="bbox 167 3221 580 3280; baseline 0.012 -7"><span class='ocrx_word' id='word_1_286' title='bbox 167 3235 225 3274; x_wconf 91' lang='lat' dir='ltr'><strong>mus</strong></span> <span class='ocrx_word' id='word_1_287' title='bbox 242 3221 268 3275; x_wconf 92' lang='lat' dir='ltr'><strong>in</strong></span> <span class='ocrx_word' id='word_1_288' title='bbox 283 3221 336 3276; x_wconf 87' lang='lat' dir='ltr'><strong>lroc</strong></span> <span class='ocrx_word' id='word_1_289' title='bbox 351 3222 384 3277; x_wconf 92' lang='lat' dir='ltr'><strong>de</strong></span> <span class='ocrx_word' id='word_1_290' title='bbox 401 3240 460 3279; x_wconf 86' lang='lat' dir='ltr'><strong>asse</strong></span> <span class='ocrx_word' id='word_1_291' title='bbox 477 3223 580 3280; x_wconf 90' lang='lat' dir='ltr'><strong>libello.</strong></span> 
     </span>
    </p>
   </div>
   <div class='ocr_carea' id='block_1_6' title="bbox 146 3483 1082 3613">
    <p class='ocr_par' dir='ltr' id='par_1_6' title="bbox 146 3483 1082 3613">
     <span class='ocr_line' id='line_1_37' title="bbox 231 3483 1082 3555; baseline 0.009 -22"><span class='ocrx_word' id='word_1_292' title='bbox 231 3483 260 3545; x_wconf 88' lang='lat'><strong>9)</strong></span> <span class='ocrx_word' id='word_1_293' title='bbox 280 3484 310 3544; x_wconf 71' lang='grc'><strong>17,</strong></span> <span class='ocrx_word' id='word_1_294' title='bbox 333 3485 493 3537; x_wconf 83' lang='lat' dir='ltr'><strong>Mommsen.</strong></span> <span class='ocrx_word' id='word_1_295' title='bbox 517 3489 547 3538; x_wconf 93' lang='lat' dir='ltr'><strong>in</strong></span> <span class='ocrx_word' id='word_1_296' title='bbox 572 3488 694 3539; x_wconf 81' lang='lat' dir='ltr'><strong>Gromat.</strong></span> <span class='ocrx_word' id='word_1_297' title='bbox 713 3489 742 3539; x_wconf 88' lang='lat'><strong>11</strong></span> <span class='ocrx_word' id='word_1_298' title='bbox 763 3505 789 3555; x_wconf 91' lang='lat' dir='ltr'><strong>p.</strong></span> <span class='ocrx_word' id='word_1_299' title='bbox 815 3490 863 3539; x_wconf 81' lang='lat'><strong>151</strong></span> <span class='ocrx_word' id='word_1_300' title='bbox 886 3489 949 3540; x_wconf 87' lang='lat' dir='ltr'><strong>coll.</strong></span> <span class='ocrx_word' id='word_1_301' title='bbox 972 3490 1082 3541; x_wconf 87' lang='lat' dir='ltr'><strong>Blumio</strong></span> 
     </span>
     <span class='ocr_line' id='line_1_38' title="bbox 146 3548 357 3613; baseline 0.047 -18"><span class='ocrx_word' id='word_1_302' title='bbox 146 3548 217 3601; x_wconf 82' lang='lat' dir='ltr'><strong>ibid,</strong></span> <span class='ocrx_word' id='word_1_303' title='bbox 234 3566 265 3613; x_wconf 80' lang='lat' dir='ltr'><strong>p.</strong></span> <span class='ocrx_word' id='word_1_304' title='bbox 286 3556 357 3605; x_wconf 76' lang='lat' dir='ltr'><strong>des.</strong></span> 
     </span>
    </p>
   </div>
   <div class='ocr_carea' id='block_1_7' title="bbox 0 0 1201 3930">
    <p class='ocr_par' dir='ltr' id='par_1_7' title="bbox 0 0 1201 3930">
     <span class='ocr_line' id='line_1_39' title="bbox 0 0 1201 3930; baseline 0 0"><span class='ocrx_word' id='word_1_305' title='bbox 0 0 1201 3930; x_wconf 95' lang='lat' dir='ltr'><strong> </strong></span> 
     </span>
    </p>
   </div>
  </div>
 </body>
</html>
