2378 3930
362 223 543 280 caenosa.
562 225 575 280 ι
593 231 618 282 a.
639 233 654 281 a
674 229 802 297 (rs-ec)
1056 228 1096 293 13

77 386 165 453 fecta
192 387 349 452 animalia
376 386 432 453 sed
460 391 531 452 tum
553 388 695 472 primum
723 391 917 474 accipientia
944 390 1096 495 spiritum

78 479 175 542 etex
201 477 333 561 parte
323 498 391 542 1am
416 476 558 542 formata
581 499 620 541 ex
646 483 741 560 parte
769 479 873 545 adhuc
896 483 1027 545 terrena
1048 481 1095 545 vi·

77 569 204 631 santur.
250 566 365 631 crescit
391 587 503 650 porro,
531 565 600 631 sive
623 567 710 650 quod
738 567 863 633 solutae
892 569 1019 671 magnis
1044 592 1095 635 ae·
1114 584 1147 633 53

77 654 187 719 stibus
215 655 309 719 nives
338 675 377 718 ex
409 654 595 719 inmanibus
623 653 862 757 Aethiopiae
851 659 937 740 mgis
969 658 1094 743 largius

51 760 177 826 squam
196 743 279 827 ripis
298 743 401 826 accipi
419 751 540 826 queant
558 743 713 828 defluunt,
732 745 801 808 sive
820 746 906 828 quod
925 749 973 811 sol
987 747 1095 812 hieme

76 832 175 896 terris
194 832 329 916 propior
346 835 379 896 et
393 833 434 896 ob
454 830 487 895 id
500 831 673 897 fontem
644 853 713 897 erus
732 833 880 898 minuens
898 837 976 899 tunc
995 834 1053 899 alt
1028 838 1094 900 trus

78 920 158 1004 abit,
182 920 323 1004 sinitque
345 921 509 1005 integrum
533 923 566 985 et
587 924 625 985 ut
648 924 698 984 est
720 921 929 1005 plenissimus
954 943 1095 1008 surgere,

78 1008 148 1073 sive
171 1008 259 1093 quod
284 1030 343 1092 per
372 1030 410 1074 ea
437 1014 591 1093 tempora¹
611 1009 730 1075 flantes
758 1010 891 1076 Etesiae
918 1015 976 1076 aut
1005 1016 1094 1077 actas

77 1119 98 1161 a
116 1097 340 1182 septentrione
363 1097 398 1161 in
420 1097 587 1163 meridiem
605 1099 708 1163 nubes
733 1120 829 1182 super
846 1100 1007 1185 principia
1026 1101 1093 1166 eius

37 1203 63 1244 rc
77 1186 184 1250 imbre
202 1185 429 1270 praecipitant,
453 1190 510 1250 aut
527 1186 672 1251 venienti
690 1187 805 1252 obviae
824 1189 959 1254 adverso
978 1189 1094 1273 spiritu

76 1296 209 1339 cursum
227 1274 436 1340 -t'deseenden
411 1280 454 1339 trs
473 1274 663 1359 impediunt,
687 1281 744 1340 aut
765 1275 896 1342 harenis
918 1299 998 1363 quas
1022 1300 1094 1343 curn

76 1362 231 1428 fluctibus
254 1363 345 1429 litori
368 1363 534 1448 adplicant
557 1365 644 1429 ostia
667 1364 903 1448 obducuntt
864 1366 965 1451 fitque
990 1367 1094 1431 maior

75 1452 130 1517 vel
152 1452 238 1537 quod
260 1452 345 1516 nihil
368 1473 407 1517 ex
430 1455 533 1518 semet
556 1453 690 1537 amittit,
713 1453 765 1517 vel
789 1415 874 1538 qubd
897 1455 971 1607 plus
996 1477 1094 1540 quam

78 1541 163 1605 solet
176 1541 303 1625 accipit,
321 1541 373 1606 vel
392 1540 477 1624 quod
492 1541 599 1606 minus
619 1563 716 1626 quam
734 1540 831 1607 debet
816 1543 966 1607 temittit
967 1594 974 1606 .
1007 1544 1093 1628 quod
1113 1556 1147 1605 54

37 1645 64 1686 1⁵
79 1629 109 1693 si
137 1633 188 1694 est
214 1629 299 1694 alter
331 1630 587 1716 orbis'suntque
615 1630 759 1714 oppositi
789 1631 885 1695 nobis
913 1653 933 1695 a
962 1632 1094 1696 meridie

78 1717 323 1803 antichthones,
345 1741 387 1783 ne
409 1719 489 1783 illud
513 1718 642 1803 quidem
666 1741 686 1783 a
707 1740 784 1784 vero
807 1719 945 1784 nimium
968 1721 1093 1786 absces-

78 1806 173 1889 serit,
199 1807 236 1871 in
259 1806 329 1872 illis
352 1808 448 1872 terris
472 1812 579 1872 ortum
603 1829 744 1890 amnem,
771 1808 828 1872 ubi
851 1809 965 1873 subter
991 1809 1095 1874 maria

78 1915 175 1960 caeco
198 1895 291 1960 alveo
314 1896 548 1980 penetraverit,
575 1897 611 1960 in
638 1897 760 1961 nostris
783 1917 896 1961 rursus
920 1917 1094 1982 emergere,

78 1987 112 2048 et
130 1983 193 2049 hac
206 2005 242 2049 re
256 1984 397 2049 solstitio
412 1984 596 2050 adcrescere
611 1985 697 2068 quod
715 1988 786 2048 tum
804 1984 932 2067 hiemps
952 1986 996 2049 sit
1008 1985 1093 2050 unde

37 2090 65 2130 ιο
78 2073 193 2137 oritur.
239 2073 305 2138 alia
328 2094 454 2158 quoquc
477 2075 513 2137 in
530 2073 582 2137 his
605 2073 703 2136 terris
726 2073 809 2137 mira
834 2075 917 2136 sunt.
963 2074 997 2137 in
1017 2095 1092 2157 quo·
1112 2086 1146 2136 oo

78 2160 155 2226 dam
182 2161 256 2226 lacu
284 2159 450 2226 Chemmis
482 2161 590 2226 insula
617 2162 706 2226 lucos
739 2160 903 2245 silvasque
935 2164 969 2225 et
994 2160 1094 2246 Apol·

77 2249 155 2314 linis
179 2249 302 2335 grande
325 2251 490 2315 sustinens
515 2251 676 2334 templum
698 2252 806 2333 natat,
835 2253 869 2315 et
891 2271 1093 2335 quocumque

77 2338 169 2403 venti
188 2341 289 2423 agunt
306 2338 448 2422 pellitur.
493 2338 679 2423 pyramides
698 2338 857 2404 tricenum
874 2339 995 2423 pedum
1012 2340 1093 2423 lapi-

77 2426 173 2492 dibus
202 2431 381 2512 extructae,
408 2448 545 2511 quarum
573 2428 729 2510 maxima,
755 2431 824 2492 tres
846 2449 986 2513 namque
1010 2432 1093 2512 sunt,

36 2531 64 2574 so
77 2519 233 2600 quattuor
254 2515 322 2580 fere
346 2515 407 2581 soli
434 2517 547 2601 iugera
571 2537 635 2600 qua
653 2515 753 2602 ‚sedet
780 2519 930 2600 occupat,
956 2517 1094 2582 totidem
1127 2567 1129 2570 -

77 2605 114 2668 in
146 2603 355 2669 altitudinem
387 2604 532 2690 erigitur.
585 2603 720 2688 Moeris,
752 2604 927 2689 aliquando
959 2626 1092 2690 campus

77 2714 164 2757 nunc
186 2693 276 2758 lacus
299 2693 416 2777 viginti
435 2692 526 2758 milia
543 2714 699 2777 passuum
721 2693 756 2756 in
779 2693 949 2758 circuitum
966 2698 1093 2778 patens,

79 2780 180 2846 altior
196 2781 350 2865 quemad
368 2782 588 2867 navigandum
602 2781 732 2866 magnis
750 2782 940 2866 onustisque
953 2784 1091 2848 navibus

79 2870 159 2934 satis
182 2872 240 2934 est.
285 2868 496 2935 Psammetici
518 2892 599 2954 opus
623 2869 841 2953 labyrinthus,
864 2870 978 2936 domos
1002 2872 1145 2936 milleto

31 2973 65 3015 ao
78 2961 112 3022 et
129 2958 237 3042 regias
255 2957 423 3023 duodecim
442 2963 598 3042 perpetuo
610 2958 751 3042 *parietis
770 2958 897 3023 ambitu
915 2961 1092 3043 amplexus,

77 3068 241 3112 marmore
263 3050 430 3112 extructus
453 3069 492 3112 ac
514 3050 633 3130 tectus,
661 3068 761 3112 unum
784 3048 876 3112 inse
904 3048 1091 3114 descensum

71 3254 75 3261 ·
150 3228 174 3276 6.
198 3221 327 3291 proprior
345 3221 398 3274 -¹A
412 3220 528 3324 propior
551 3221 591 3275 A²
663 3227 688 3276 8.
712 3221 855 3276 ethaesiae
879 3222 906 3275 A
979 3228 1020 3276 12.
1044 3221 1091 3274 ad-

77 3289 188 3361 plicant
201 3292 243 3345 A¹
255 3291 492 3362 applicantAs
525 3299 565 3347 16.
581 3290 760 3347 antisthenes
774 3294 802 3346 A
871 3298 914 3347 19
928 3291 1091 3346 adcrescere

77 3362 119 3419 Δι
138 3378 298 3417 accrescere
317 3363 359 3417 A¹
421 3362 532 3433 hiemps
550 3363 591 3417 A¹
610 3362 701 3418 hiems
720 3363 762 3417 A*
825 3368 868 3418 ιδ
888 3379 960 3431 quae
979 3364 1046 3417 sede
1065 3365 1091 3416 A

78 3449 135 3501 qua
151 3432 234 3488 sedet
253 3435 406 3490 Pmtrouac
468 3441 510 3488 31.
531 3449 564 3488 ac
582 3434 729 3489 tectus—
742 3433 819 3488 intus
838 3449 888 3490 om.
908 3435 949 3488 A¹
967 3435 1031 3489 add.
1051 3433 1092 3490 11²

77 3506 111 3559 in
128 3521 213 3577 morp.
232 3506 363 3573 inferiore
488 3558 494 3567 ,
