2386 3960
364 104 548 183 cfloaoca.
567 104 595 160 11
612 113 638 161 a
657 112 675 163 s
692 108 821 177 (ee-uo)
1052 107 1097 175 46

73 271 213 372 tiorum,
236 268 370 335 Vienna
391 266 622 422 Allobrogum,
644 269 794 336 Avennio
818 267 993 354 Cauarum,
1018 270 1096 335 Are·

73 379 279 425 comscorum
305 356 504 441 Nemausus,
560 358 652 425 olosa
679 358 910 443 Tectosagum,
937 357 1097 425 Secunda-

74 468 195 513 norum
226 446 384 525 Arausio,
416 442 631 512 Sextanorum
658 446 804 531 Arelate,
833 444 1096 531 Septimanorum

76 536 245 601 Beterrae.
287 533 345 601 sed
368 538 512 600 antestat
534 536 640 601 omnis
664 535 885 601 Atacinorum
908 535 1097 603 Decimauo·

53 642 217 709 suumque
245 624 389 708 colonia,
418 623 503 688 unde
529 624 610 689 olim
637 624 690 689 his
716 625 815 689 terris
842 624 1000 689 auxilium
1026 625 1098 709 fuit,

77 734 165 779 nunc
188 716 225 778 ct
245 733 367 777 nomen
389 714 423 776 et
444 712 543 777 decus
565 716 617 777 est
638 711 778 777 Martius
801 711 924 778 Narbo.
968 712 1003 777 iu
1025 713 1098 778 lito·
1118 728 1157 779 se·

77 802 171 867 ribus
186 801 316 885 aliquot
329 804 407 866 sunt
420 822 494 866 cum
511 801 631 886 aliquis
645 801 833 867 nominibus
852 803 938 867 loca:
957 804 1099 866 ceterum

78 910 174 957 rarae
200 890 301 955 urbes
325 890 403 974 qnia
427 890 496 955 rari
522 893 651 974 portus,
679 894 713 955 et
735 891 841 955 omnis
863 891 964 977 plaga
989 893 1099 955 austro

79 983 179 1064 atque
199 978 303 1045 africo
322 978 471 1062 exposita
488 981 547 1043 est.
593 977 716 1043 Nicaea
732 979 843 1064 tangit
859 978 970 1063 Alpes,
991 978 1101 1063 tangit

46 1067 245 1153 ooppidum·
254 1065 436 1152 Deciatum,
453 1068 563 1152 tangit
574 1066 749 1151 Antipolis.
781 1068 897 1133 deinde
914 1071 966 1133 est
978 1066 1099 1133 Forum
1119 1083 1152 1132 ss

79 1156 159 1238 Iuli,
181 1154 425 1221 Ootarancrum
447 1156 588 1239 colonia,
615 1160 686 1221 tum
708 1161 785 1241 post
806 1155 1042 1241 Athenopolim
1066 1160 1100 1221 et

80 1244 215 1311 Olbiam
237 1247 271 1310 et
293 1243 435 1309 Tauroin
459 1248 493 1309 et
514 1242 716 1311 Citharisten
738 1249 790 1310 est
812 1244 967 1330 Lacydon
984 1243 1100 1310 Masai-

79 1333 236 1399 liensium
249 1335 374 1416 portus,
392 1336 426 1398 et
439 1333 474 1397 in
487 1354 526 1399 eo
540 1333 613 1416 ipse
625 1332 782 1400 Massilia.
814 1334 895 1400 haee
908 1354 930 1399 a
942 1332 1099 1399 Phocaeis

81 1421 224 1488 oriunda
245 1425 280 1486 et
301 1421 384 1489 olim
406 1421 493 1486 inter
514 1442 646 1506 asperas
669 1422 786 1508 posita,
807 1442 893 1488 nunc
915 1426 953 1487 ut
974 1422 1100 1506 pacatis

49 1511 130 1576 sita
151 1510 386 1577 dissimillimis
408 1513 519 1576 tamen
542 1511 649 1576 vicina
671 1511 837 1596 gentibus,
858 1511 979 1576 mirum
1002 1532 1099 1595 quam

80 1599 179 1665 facile
203 1603 238 1664 et
258 1602 338 1664 tunc
359 1599 470 1665 sedem
492 1599 634 1665 alienam
651 1601 774 1684 ceperit
797 1604 830 1665 ct
852 1600 957 1665 adhuc
975 1620 1101 1665 morem

82 1708 178 1753 suum
195 1691 317 1753 teneat.
352 1688 439 1753 inter
457 1708 531 1753 eum
549 1692 583 1753 et
596 1688 793 1754 Rhodanum
805 1688 973 1755 Maritima
989 1687 1102 1753 Arati·
1121 1701 1154 1752 ⁷8

82 1798 198 1843 eornm
210 1780 331 1862 stagno
345 1776 478 1861 adsidet,
491 1775 595 1842 Fossa
606 1776 757 1843 Mariana
769 1783 898 1861 partem
911 1779 981 1842 eius
996 1777 1100 1842 amnis

81 1865 266 1951 navigabili
284 1865 376 1931 alveo
396 1864 539 1931 effundit.
572 1866 696 1949 alioqui
713 1866 792 1929 litus
809 1866 958 1950 ignobile
976 1870 1036 1948 est,
1055 1866 1102 1928 la»

49 1953 218 2039 apidcum
242 1956 281 2018 ut
303 1958 436 2038 vocant,
457 1954 492 2018 in
516 1975 579 2038 quo
601 1953 778 2018 Herculem
801 1958 917 2018 contra
939 1952 1102 2018 Alebiona

82 2046 116 2108 et
148 2041 325 2126 Dercynon
356 2041 501 2127 Neptuni
534 2042 657 2107 liberos
690 2040 900 2107 dimicantem
931 2062 1005 2106 cnm
1036 2042 1102 2106 tela

84 2131 280 2196 defecissent
308 2130 349 2195 ab
372 2131 523 2197 invocato
551 2129 629 2196 Iove
656 2130 803 2195 adiutum
830 2130 934 2195 imbre
957 2130 1102 2214 lapidum

82 2219 201 2285 ferunt.
250 2218 363 2285 credas
395 2220 554 2305 pluvisse,
586 2218 666 2285 adeo
698 2219 795 2284 multi
824 2220 949 2304 passim
977 2224 1010 2284 et
1037 2220 1113 2303 late¹

83 2309 200 2391 iacent.
240 2306 420 2373 Rhodanus
443 2328 509 2373 non
531 2308 628 2394 longe
652 2308 693 2373 ab
712 2307 819 2374 Histri
837 2306 1009 2393 Rhenique
1031 2306 1103 2373 fon·
1122 2324 1155 2373 ae

50 2398 174 2463 atibus
204 2396 323 2482 surgit:
350 2397 425 2462 dein
451 2395 617 2462 Lemanno
645 2397 719 2462 lacu
746 2401 898 2482 acceptus
926 2400 1017 2462 tenet
1043 2397 1103 2460 im·

83 2490 206 2571 patum,
229 2505 328 2570 acque
346 2506 405 2569 per
423 2485 566 2551 medium
583 2486 712 2570 integer
729 2506 830 2572 agens
849 2490 990 2570 quantus
1013 2486 1103 2551 venit

85 2574 269 2661 egreditur,
309 2578 344 2638 ct
377 2573 452 2639 inde
489 2577 602 2640 eontra
638 2574 838 2641 occidentem
875 2575 1004 2640 ablatus
1047 2574 1104 2638 ali-

85 2661 228 2748 quandiu
251 2661 379 2728 Gallias
406 2662 543 2745 dirimit,
570 2665 647 2746 post
674 2684 770 2729 cursu
793 2665 828 2728 in
854 2662 1023 2728 meridiem
1047 2663 1103 2727 ab·

85 2752 183 2818 ducto
213 2751 276 2817 hac
308 2752 427 2836 intrat,
463 2772 657 2835 accessuque
689 2751 829 2819 aliorum
860 2753 1005 2817 amnium
1036 2751 1102 2816 iam

156 2897 182 2946 3.
207 2892 387 2946 sectanomm
409 2889 438 2944 A
461 2889 645 2945 Sextanorum
666 2907 687 2944 rc
767 2896 793 2946 4.
813 2888 874 2944 onis
897 2888 939 2944 Al
959 2888 1039 2944 cunis
1063 2888 1104 2944 A'

87 2961 177 3017 omnis
199 2961 329 3019 Barsiaa
401 2966 443 3015 11.
466 2961 684 3085 octavppanomm
702 2960 730 3014 A
748 2962 816 3029 (fait
833 2960 854 3030 i)
927 2968 971 3017 12.
992 2959 1105 3015 laurion

86 3033 113 3087 A
127 3032 251 3088 Tauroin
265 3032 398 3102 Kappe'as
439 3032 548 3100 etlaop
569 3047 607 3086 on
620 3030 648 3086 A
662 3033 707 3086 est
720 3031 882 3100 Lacydono
936 3038 978 3088 18.
992 3030 1106 3086 adsidet

86 3104 126 3157 A¹
143 3103 253 3159 assidet
266 3102 308 3158 A’
363 3109 405 3158 19.
423 3102 593 3172 navigabilis
611 3102 640 3157 A
688 3102 816 3171 alioquin
830 3101 871 3156 A¹
889 3102 996 3173 alioqui
1009 3101 1050 3157 A*

87 3181 127 3233 19.
146 3182 190 3234 20.
208 3174 342 3246 lapideus
361 3173 389 3226 A
460 3179 503 3231 20.
522 3180 566 3229 21.
585 3172 701 3227 albione
723 3175 754 3228 et
774 3173 901 3244 bergyon
918 3174 947 3229 A
966 3173 1105 3228 Alebiona

87 3248 115 3301 et
127 3246 280 3315 Dercynon
293 3245 421 3301 Boreion
474 3251 516 3300 23.
530 3244 656 3316 pluvisse
669 3246 710 3300 eie
724 3246 751 3300 A
805 3251 848 3301 14.
862 3244 965 3299 histria
978 3241 1105 3297 archani-

88 3333 139 3385 que
152 3320 181 3374 A
250 3322 295 3372 ab.
309 3315 440 3371 lemanno
454 3315 482 3368 A
550 3322 593 3373 17.
608 3318 707 3372 contra
720 3315 750 3370 in
765 3318 793 3371 A
807 3318 906 3373 oontm
918 3333 939 3372 a
1002 3318 1045 3366 11.
1061 3316 1103 3364 28.

87 3387 249 3458 aliquandiu
267 3387 312 3442 A¹
328 3401 397 3442 corr.
