2378 3930
408 181 608 225 soareroare
630 180 788 226 mousson.
925 152 928 157 ’
1013 162 1053 229 31

139 318 291 378 Schenlaelii
309 320 444 377 sententia
458 316 628 394 probabilior
643 317 764 391 videtur,
783 319 830 375 sed
846 336 903 377 rem
918 321 945 377 la
964 321 1053 379 medio

140 403 281 479 relinquo,
302 405 430 480 quoniam
448 405 550 461 certius
568 403 697 461 iudicium
715 402 774 460 fieri
795 419 850 459 non
872 420 953 478 posse
974 406 1054 462 intel·

138 490 202 562 lego
216 490 269 545 nisi
284 488 477 546 subtilioribus
493 487 701 563 quaestiouibus
716 489 750 545 de
765 503 795 546 re
816 490 927 547 metrica
944 490 1054 547 institu-

139 575 185 644 tis,
203 589 271 648 quae
288 573 389 630 alienae
405 573 517 630 suntab
535 572 675 631 hocloco.

205 738 245 788 De
263 739 375 788 carmine
394 753 442 802 quo
461 737 541 788 librae
557 744 650 802 partes
668 738 780 789 breviter
797 737 984 815 deseribuntur.

201 841 318 899 Carmini
332 842 365 899 de
380 840 549 917 ponderibus
570 842 602 899 de
623 859 678 915 quo
699 842 787 899 adhuc
807 842 924 899 diximus
944 845 972 899 in
994 839 1117 919 qui-119

137 926 249 983 busdam
266 926 345 983 libris
360 943 442 983 manu
458 928 569 1001 scriptis
587 925 621 998 (v.
637 922 732 1002 prael.)
755 926 911 985 adiunctum
930 935 972 983 est
987 926 1053 985 alte·

137 1028 198 1067 rum
215 1011 323 1068 brevius
340 1010 373 1068 ab
389 1009 442 1068 alic
458 1013 593 1086 scriptore
609 1018 717 1081 ortum,
739 1028 794 1085 quo
810 1010 895 1069 librae
911 1014 966 1069 sive
983 1012 1056 1069 assis.

137 1103 230 1168 partes
250 1096 369 1152 breviter
390 1094 560 1170 explicantur
582 1090 625 1168 (la.
649 1093 729 1168 121).
776 1095 805 1151 ld
827 1096 923 1169 quinto
945 1097 1052 1153 demum

137 1179 177 1234 vel
192 1182 286 1253 potius
298 1188 376 1237 serto
393 1181 503 1237 saeculo
516 1180 647 1254 scriptum
663 1196 723 1237 esse
739 1178 919 1254 probabiliter
934 1182 1052 1237 coniecit

136 1259 349 1341 Solaenlelius¹).

200 1348 227 1403 ln
249 1351 300 1406 hoc
316 1351 435 1406 carmine
452 1349 565 1424 perinde
581 1356 663 1423 atque
679 1351 709 1406 in
726 1348 774 1407 illo
790 1349 933 1422 superiore
948 1343 996 1424 (vs.
1011 1347 1052 1404 45

137 1431 228 1510 -52)
249 1436 368 1508 primum
383 1434 468 1491 librae
484 1443 576 1508 partes
592 1434 776 1491 duodenariae
792 1439 988 1491 enumerantur
1004 1431 1053 1504 (vs.

137 1515 245 1590 1-7),
267 1518 365 1593 quibus
389 1518 497 1575 additur
518 1520 659 1575 sescuncia
681 1520 819 1575 unciolae
839 1518 963 1574 mediam
986 1521 1052 1573 ion·

133 1617 220 1675 pens,
237 1603 262 1658 h.
280 1619 303 1660 e
320 1619 352 1659 es
368 1606 447 1660 uncia
463 1620 517 1660 una
536 1611 564 1660 et
582 1602 691 1658 dimidia
708 1605 868 1677 composita.

198 1686 265 1743 Tum
291 1689 410 1761 scriptor
431 1704 487 1744 aron
507 1686 595 1744 solum
622 1694 817 1744 commemorat
840 1688 935 1743 uariae
958 1686 1052 1742 vicesi-

134 1788 203 1827 mam
221 1781 345 1846 quartam
361 1780 465 1846 partem
482 1788 543 1828 esse
559 1771 725 1846 scripulum,
742 1772 788 1829 sed
807 1770 880 1829 addit
896 1772 976 1828 etiam
994 1768 1051 1844 ple·

134 1873 195 1911 nam
212 1859 306 1913 unciae
322 1857 482 1913 divisionem
498 1857 581 1913 hauc:

177 1958 240 2015 pars
256 1941 365 1997 dimidia
381 1949 423 1997 est
439 1949 525 1997 stater
540 1942 595 1996 sive
611 1942 747 1997 semuncia
755 1937 775 2016 ²)

175 2055 216 2066 -
262 2028 342 2081 tertia
376 2055 412 2065 -
438 2024 506 2081 duae
523 2024 644 2081 sertulae
664 2026 719 2081 sive
735 2022 823 2081 duella
832 2019 853 2096 ³)

174 2140 217 2150 -
263 2117 359 2182 quarta
375 2137 417 2150 -
441 2109 525 2165 siclus
540 2110 596 2164 sive
611 2109 730 2189 sicilicus
748 2110 803 2166 sive
819 2101 912 2182 sicel⁴)

176 2225 217 2234 -
262 2202 338 2249 sexta
375 2223 413 2234 —
437 2193 542 2250 sextula
558 2195 613 2250 sive
628 2193 715 2250 sescla

174 2309 217 2320 —
261 2287 353 2335 octava
372 2306 413 2318 —-
436 2278 546 2352 dragma
562 2279 617 2334 sive
633 2278 691 2334 olce

173 2394 216 2404 -
259 2363 425 2419 duodenaria
444 2371 487 2419 est
502 2362 610 2419 dimidia
627 2357 759 2434 sertula⁵l

172 2478 216 2489 -
258 2448 388 2520 vigesima
405 2455 501 2523 quarta
517 2454 559 2505 est
575 2446 712 2522 scripulus
729 2448 784 2504 slve
800 2463 929 2521 gramma.

130 2533 251 2606 [lenique
265 2531 379 2606 scripuli
394 2540 487 2606 partes
501 2533 552 2589 hae
567 2541 721 2606 ponuntur:

284 2617 391 2672 dimidia
410 2624 451 2674 est
474 2612 599 2692 obolus⁸l

283 2710 380 2775 quarta
413 2731 450 2742 -
474 2697 604 2777 cerates⁷)

283 2795 357 2842 sexta
413 2785 572 2859 -siliqua

199 3000 274 3065 1.)P
294 3002 326 3052 58
346 3001 407 3051 adn.
429 2999 620 3050 commentarii
638 3013 765 3064 suprap.
785 2998 818 3046 16
838 2995 900 3047 adn
920 2998 935 3045 2
958 2996 1047 3048 citati.

129 3070 189 3120 Nou
218 3073 281 3134 post
310 3072 416 3118 sextum
441 3066 581 3118 saeculum
607 3081 718 3116 carmen
741 3063 873 3130 seriptum
898 3077 958 3114 esse
983 3064 1047 3115 inde

130 3136 265 3199 allicitur,
285 3136 355 3201 quod
375 3151 406 3185 eo
423 3134 546 3186 Isidorus
563 3148 628 3184 usus
648 3137 697 3184 est.

198 3205 224 3269 2)
243 3175 275 3254 V.
294 3203 361 3253 laid.
382 3203 416 3253 fr
436 3203 553 3266 125,1a.

198 3271 224 3336 3)
242 3271 312 3321 ibid.
332 3271 373 3322 15,

109 3335 118 3341 ”
242 3338 312 3390 Ibid
333 3338 373 3387 18.

196 3340 387 3470 5111701113.
407 3404 581 3466 Maeo.§31
602 3401 925 3469 elsupraprol.§11'l.

196 3475 223 3539 d)
242 3473 339 3525 isidor.
360 3473 395 3523 fr
414 3474 471 3535 125,
493 3473 532 3520 11.

196 3544 220 3603 7)
237 3541 308 3594 ibid
329 3542 371 3592 10
