2378 3930
374 170 566 241 sonarroaes
587 182 743 241 domnos.
975 176 1018 241 39

104 398 145 447 lle
163 397 307 461 ponderum
330 404 356 447 et
372 413 543 447 mensurarum
560 399 723 463 expositione
741 412 814 462 quom
833 396 921 447 Celeus
940 400 1018 449 latine

492 467 632 530 expressit.

169 568 255 643 Supra
271 569 513 627 demonstravimus
524 569 632 626 Calvum
644 570 834 641 Ravennatem,
851 573 897 644 qui
913 571 1016 645 primus
1028 560 1084 621 123

104 655 279 729 Hippocratis
301 652 387 710 libros
401 654 484 710 latine
500 654 598 725 edidit,
619 655 662 710 his
677 655 728 712 sub
743 654 861 711 Africani
877 654 957 711 titulo
974 655 1019 711 ad-

105 740 226 796 iuimisse
253 746 396 794 tractatum
418 739 550 812 quendam
578 739 610 796 de
636 738 805 813 ponderibus
829 746 857 796 et
884 740 1018 795 mensuris

104 821 186 898 (prol.
203 822 221 893 S
235 821 315 894 114).
346 823 400 879 lam
415 840 511 896 magna
528 823 652 896 quaestio
669 832 721 895 est,
739 839 871 899 graecene
886 840 920 880 an
935 822 1018 880 latine

105 909 238 981 scriptum
250 907 323 963 bunc
336 906 427 964 locum
440 908 572 964 invenerit
583 907 687 965 Calvus,
720 908 813 964 Possis
823 907 913 964 dicere
924 908 1017 977 latine,

104 1010 167 1050 cum
188 991 283 1047 eodem
306 992 366 1049 loco
392 993 507 1048 ediderit
527 992 652 1049 Latinum
674 994 837 1066 scriptorem
854 991 965 1048 Balbum
984 990 1018 1063 (v.

106 1076 191 1149 ibid).
234 1079 268 1131 At
288 1077 340 1133 boc
359 1077 516 1150 neutiquam
537 1094 630 1133 verum
651 1092 712 1133 esse
733 1077 849 1133 videtur.
897 1076 1018 1132 Primum

105 1163 178 1217 enim
195 1161 283 1217 omnis
298 1161 353 1217 stili
371 1161 479 1218 babitus
498 1179 529 1218 ac
545 1161 638 1234 color,
666 1162 754 1235 qualis
768 1178 819 1235 per
834 1160 908 1218 hunc
921 1163 1021 1217 tracta·

108 1254 165 1302 tum
186 1265 202 1302 a
216 1244 295 1302 Calvo
314 1247 415 1303 editum
430 1247 516 1317 valet,
538 1248 715 1321 interpretem
731 1245 895 1303 recentioris
911 1246 1018 1315 aetatis,

108 1348 163 1387 nou
183 1331 308 1386 Latinum
334 1331 495 1404 scriptorem
521 1333 698 1388 vetustiorem
724 1331 833 1405 prodit;
862 1339 918 1386 tum
945 1338 1020 1387 certe

106 1418 163 1472 reri
186 1415 301 1471 similius
323 1424 364 1471 cst
387 1416 503 1472 Graecae
526 1406 689 1490 expositioni
708 1432 787 1489 quam
809 1414 920 1470 Latinae
941 1430 1022 1488 prae·

106 1500 188 1556 lixum
212 1515 272 1555 esse
292 1500 426 1562 Africani,
453 1500 547 1555 Graeci
573 1499 730 1574 scriptoris,
758 1516 873 1564 nomen;
902 1499 1020 1573 dentque

109 1585 180 1658 quod
206 1586 264 1657 ipse
287 1583 474 1640 Calvusdicit
500 1601 529 1639 se
555 1585 626 1662 bunc
648 1592 792 1641 tractatum
813 1584 873 1640 aliis
894 1584 1021 1657 plurimis

107 1687 178 1743 quos
203 1670 230 1724 in
251 1669 374 1725 naatnibus
390 1668 514 1725 babuerit
529 1668 709 1742 praetulisse,
730 1671 793 1742 quia
810 1669 897 1741 magis
914 1676 942 1724 et
959 1684 1020 1723 cum

108 1754 281 1827 Hippocratis
301 1753 464 1809 medelarum
486 1753 651 1828 ponderibus
672 1763 698 1809 et
723 1755 874 1823 ruensuris‚
899 1761 1021 1809 etcum

109 1838 244 1893 Latinis
260 1841 403 1894 convenire
419 1846 446 1894 et
460 1838 550 1894 iacere
564 1838 717 1907 videretur,
734 1840 796 1910 quis
815 1845 858 1894 est
877 1836 923 1910 qui
939 1845 1022 1908 neget

109 1925 151 1979 bis
168 1921 257 1978 verbis
273 1923 403 1978 Graecum
420 1922 601 1995 fragmentum
616 1922 762 1995 significari
783 1939 798 1976 a
814 1920 893 1976 Calvo
908 1920 1021 1993 perinde

107 2016 191 2081 atque
215 2009 304 2062 onnaia
319 2006 492 2080 Hippocratis
508 2021 591 2080 opera
606 2007 633 2061 in
651 2006 772 2061 Latinam
792 2005 943 2060 orationem
958 2020 1023 2059 con-

109 2091 235 2148 versum?
268 2091 345 2159 Quod
365 2107 426 2146 cum
446 2090 660 2146 demonstratum
677 2090 728 2161 sit,
751 2090 830 2146 lacile
846 2088 879 2144 ab
895 2087 1021 2143 omnibus

111 2179 163 2232 boe
178 2175 293 2230 alterum
309 2191 469 2231 concessum
486 2176 517 2230 iri
534 2182 612 2249 puto,
631 2174 749 2246 Calvum,
766 2181 797 2230 ut
812 2175 859 2248 qui
874 2172 1024 2246 Hippocra-

111 2270 183 2316 team
213 2258 312 2316 molem
338 2258 473 2316 indefesso
502 2259 697 2333 interpretandi
724 2259 816 2315 studio
841 2259 1023 2332 superaverit,

108 2346 190 2401 etiam
211 2345 283 2401 hune
305 2344 431 2417 exiguum
452 2352 595 2401 tractatum
621 2352 684 2418 apte
707 2352 734 2401 et
757 2360 818 2400 oum
838 2342 890 2400 fiale
911 2359 1024 2399 conver·

110 2430 186 2485 tisse.
219 2429 300 2486 Cuius
318 2429 373 2499 rei,
396 2446 430 2485 ne
446 2447 498 2503 qua
514 2429 648 2485 dubitatio
667 2428 855 2502 relinquatur,
870 2435 942 2484 certa
960 2435 1023 2484 sunt

110 2523 284 2587 argumenta:
303 2514 430 2569 nimirum
445 2515 562 2588 plurima
577 2530 645 2588 quae
661 2514 758 2570 Calvus
773 2513 853 2569 babet
869 2515 1024 2568 etiamnunc

109 2616 207 2672 graece
228 2608 334 2660 exstant
356 2597 486 2673 illiusque
508 2598 586 2655 fidem
607 2608 635 2655 et
652 2598 819 2672 diligentiam
836 2595 1025 2669 comprobant.

110 2685 195 2753 Quam
211 2684 381 2757 paucissimis
396 2691 495 2758 potero
512 2682 665 2739 absolvam:
681 2682 778 2738 Calvus
793 2699 843 2755 per
857 2679 979 2737 voculam
992 2694 1026 2733 oe

111 2768 220 2825 Graecis
236 2769 387 2841 ponderum
402 2778 429 2824 et
444 2785 631 2824 mensurarum
647 2766 784 2824 vocabulis
801 2766 898 2822 addere
910 2781 1026 2822 consue·

111 2854 149 2908 vit
162 2853 271 2909 Latinas
293 2852 505 2926 appellationes,
528 2861 559 2908 ut
580 2868 663 2907 moos
684 2857 813 2908 ruinosae
830 2850 875 2922 (ir.
892 2848 969 2918 141,
985 2846 1024 2920 2),

111 2943 249 3009 tropaico
266 2939 322 2992 duo
339 2943 526 3009 quinariosoe
542 2937 614 2991 dnos
629 2935 702 3008 (ibid.
719 2933 765 3010 9),
784 2935 824 2991 vel
839 2934 965 2991 Latinum
980 2950 1026 2989 ro·

111 3022 237 3078 cabulum
254 3023 395 3094 praemisit
409 3023 528 3092 Graeco,
550 3030 581 3077 ut
595 3025 743 3076 sextarios
758 3027 889 3075 nestesae
905 3024 936 3075 in
953 3018 1026 3074 duos

113 3108 212 3163 lances
234 3107 380 3162 cotelosee
404 3104 479 3177 (ibid.
499 3104 564 3178 12);
590 3106 616 3161 in
639 3104 752 3179 reliquis
773 3112 862 3160 autem
887 3102 953 3160 nihil
977 3119 1026 3158 uec

111 3192 229 3248 consilio
248 3208 298 3247 uec
321 3190 475 3263 corrigendi
491 3190 582 3247 studio
598 3191 725 3255 mutavit3
747 3190 865 3262 denique
882 3188 968 3244 sicubi
984 3203 1027 3242 er-

113 3278 198 3346 ravit,
228 3278 287 3349 ipso
309 3274 410 3331 Graeco
435 3274 504 3330 libro
530 3292 611 3331 nraiau
632 3275 734 3348 scripto
755 3276 781 3329 iu
805 3289 927 3330 errorem
950 3272 1027 3328 indu·

112 3369 242 3417 ctusest.

176 3461 228 3516 lam
249 3478 312 3517 vero
331 3462 418 3517 oannis
436 3461 503 3518 baec
520 3461 671 3538 disputatio
686 3460 728 3518 ita
739 3460 914 3518 instituenda
925 3465 1041 3524 mmm

102 3552 268 3616 quaeratur,
302 3544 385 3620 quale
409 3546 548 3609 Graecum
571 3549 733 3629 eneuiplum
751 3546 860 3605 baleus
880 3536 1068 3613 examassim.
