2378 3930
120 197 163 263 66
466 193 645 252 POMPONII
662 193 788 250 MELAE

120 363 240 425 testam
269 364 379 424 autem
405 359 454 424 rei
477 358 634 436 Quintum
661 358 831 425 Metellum
856 355 1003 424 Celerem
1030 358 1139 445 adicit,

121 469 258 532 eumque
280 449 328 513 ita
354 447 524 513 rettulisse
549 450 797 513 commemorat:
824 467 899 512 eum
921 446 1050 514 Galliae
1076 468 1138 534 pro

120 537 252 602 consule
265 540 441 621 praeesset,
458 535 557 601 Indos
576 535 734 620 quosdam
749 558 769 601 a
785 555 864 620 rege
877 535 1037 601 Botorum
1050 536 1138 602 dono

121 625 185 691 sibi
208 624 316 709 dat0e3
344 625 430 689 unde
452 625 487 689 in
510 645 565 690 eas
588 629 694 690 terras
718 623 924 689 devenissent
945 625 1138 708 requirendo

122 733 290 799 cognosse,
306 713 339 778 vi
352 713 598 798 tempestatium
617 734 658 777 ex
670 711 791 778 Indicis
810 712 1004 797 aequoribus
1023 713 1165 800 abreps

120 804 182 886 tos,
202 822 413 886 emensosque
433 822 515 885 quae
533 802 723 886 intererant,
740 800 875 866 tandem
892 800 928 864 in
944 799 1139 869 Germaniae

120 890 221 955 litora
245 890 357 955 exisse.
402 894 507 955 restat
529 911 608 975 ergo
630 891 777 974 pelagus,
800 889 857 955 sed
874 888 1003 974 reliqua
1024 890 1139 956 lateris

80 1048 100 1110 6
121 979 264 1080 eiusdem
293 978 427 1080 adsiduo
456 979 532 1064 gelu
560 978 728 1129 duralqtur·
745 981 779 1043 et
800 977 873 1043 ideo
897 978 1026 1044 deserta
1052 982 1140 1045 sunt.

65 1126 100 1175 46
123 1066 465 1220 strinxlildudnrdulltldds
476 1066 639 1241 iglillles
657 1070 787 1220 idresllldd
808 1066 1139 1221 eugllmmqeqsquniqqs
1152 1171 1179 1214 1⁰

122 1244 223 1309 etiam
246 1243 405 1328 adiacent,
428 1243 484 1308 sed
507 1264 619 1308 earum
642 1264 722 1328 quas
745 1243 925 1328 praeterire
946 1264 1014 1309 non
1036 1244 1141 1311 libeat

120 1330 229 1397 Gades
251 1330 372 1397 fretum
396 1331 547 1418 adtingit,
570 1353 672 1416 eaque
691 1335 831 1416 angusto
851 1333 958 1415 spatio
982 1336 1016 1397 et
1037 1332 1140 1398 veluti

118 1420 252 1485 flumine
280 1442 301 1485 a
327 1420 507 1486 continenti
535 1421 681 1486 abscissa
712 1422 899 1505 quaternis
926 1421 1061 1504 propior
1088 1424 1140 1486 est

120 1530 223 1594 paene
241 1511 365 1574 rectam
382 1509 489 1592 ripam
508 1509 588 1593 agit,
609 1531 674 1594 qua
692 1530 847 1575 oceanum
866 1511 994 1592 spectat
1012 1509 1139 1575 duobus

119 1597 355 1682 promunturiis
383 1601 496 1663 evecta
518 1599 553 1662 in
579 1597 696 1681 altum,
725 1597 866 1662 medium
893 1596 973 1662 litus
996 1597 1139 1683 abducit,
1153 1613 1180 1656 15

119 1689 152 1750 et
174 1686 239 1752 fert
261 1687 298 1750 in
320 1685 424 1751 altero
454 1707 555 1752 cornu
578 1686 721 1751 eiusdem
748 1687 890 1752 nominis
917 1686 1032 1751 urbem
1057 1696 1138 1770 opu·'

118 1775 256 1858 lentam,
284 1774 319 1839 in
342 1774 446 1840 altero
472 1774 633 1858 templum
654 1773 813 1859 Aegyptii
835 1773 1000 1859 Herculis,
1027 1773 1138 1841 condi·

118 1863 261 1948 toribus,
291 1862 464 1948 religione,
495 1865 672 1948 vetustate,
703 1863 820 1947 opibus
849 1862 997 1929 inlustre.
1046 1861 1139 1948 'l'yrii

119 1951 332 2038 constituere,
350 1972 407 2017 cur
426 1955 575 2017 sanctum
594 1953 638 2018 sit
652 1973 728 2018 ossa
746 1951 815 2017 eius
834 1950 880 2017 ibi
899 1951 964 2017 sita
978 1951 1140 2038 efficiunt,

119 2062 277 2106 annorum
306 2039 379 2124 quis
407 2044 518 2106 manet
546 2041 588 2105 ab
615 2038 716 2106 Iliaca
746 2042 943 2124 tempestate
973 2039 1179 2124 principiano

64 2147 98 2196 47
119 2133 209 2213 sunt,
242 2150 320 2212 opes
348 2132 478 2214 tempus
510 2129 602 2194 aluit.
651 2130 687 2194 in
714 2127 886 2194 Lusitania
911 2127 1054 2212 Erythia
1086 2131 1139 2194 est

120 2238 218 2301 quam
244 2216 414 2302 Geryonae
443 2217 628 2283 habitatam
660 2217 857 2302 accepimus,
889 2215 1034 2301 aliaeque
1066 2216 1138 2281 sine

118 2306 215 2370 certis
242 2305 444 2389 nominibus,
472 2304 553 2370 adeo
581 2305 670 2389 agris
698 2304 836 2390 fertiles,
868 2309 1006 2370 etcum
1034 2304 1137 2370 semel

119 2395 191 2458 sata
213 2391 378 2457 frumenta
401 2393 481 2477 sint,
508 2392 644 2459 subinde
667 2392 816 2458 recidivis
845 2393 1021 2458 seminibus
1046 2413 1137 2479 sege·

118 2485 186 2546 tem
222 2480 437 2565 novantibus,
475 2485 601 2566 septem
637 2481 789 2566 minime,
825 2481 988 2547 interdum
1023 2481 1137 2566 plures
1151 2497 1179 2540 as

119 2570 219 2634 etiam
246 2589 369 2636 messes
396 2569 513 2635 ferant.
563 2570 599 2635 in
626 2567 757 2636 Celticis
786 2570 911 2654 aliquot
937 2573 1027 2654 sunt,
1053 2591 1137 2654 quae

55 2712 62 2719 .
119 2658 195 2742 quia
213 2658 347 2742 plumbo
367 2657 535 2724 abundant
552 2681 617 2724 uno
637 2679 749 2724 omnes
768 2659 899 2723 nomine
918 2655 1137 2725 Cassiteridas

64 2764 99 2813 48
119 2745 296 2830 adpellant.
333 2743 419 2812 Sena
436 2747 472 2812 in
484 2746 676 2813 Britannico
695 2747 779 2812 mari
793 2745 980 2813 Ossismicis
1000 2746 1138 2813 adversa

189 2980 214 3029 5.
227 2972 442 3042 tempestatium
454 2974 496 3030 aio
509 2973 537 3028 A
582 2971 696 3028 indiciis
710 2974 751 3028 A¹
765 2972 867 3028 indicis
881 2973 923 3029 Al
960 2970 1138 3046 [sequoribue

117 3045 145 3100 A
199 3049 224 3101 8.
244 3043 399 3117 a<e>eiduo
412 3045 441 3099 A
436 3046 481 3169 uqa
495 3045 595 3102 darae.
610 3044 662 3114 A⁸)
677 3043 796 3100 adsiduo
814 3047 914 3115 empti
968 3049 1010 3100 10.
1025 3045 1137 3098 muetse

116 3117 145 3171 A
162 3115 303 3171 mnltaeo
375 3121 416 3170 12.
472 3114 563 3185 tingit
575 3115 617 3170 A²
631 3113 749 3186 attingit
761 3115 803 3171 A'
876 3121 918 3171 15.
932 3113 1138 3185 promunturiis

118 3187 159 3241 A¹
181 3185 381 3268 promontoriis
403 3184 445 3241 A¹
518 3193 560 3243 18.
579 3185 698 3241 inlustre
720 3187 762 3243 A¹
784 3186 895 3241 illustre
918 3185 960 3240 A’
1033 3192 1075 3242 19.
1094 3183 1140 3240 ita

117 3257 279 3312 A¹s1taA²
332 3263 375 3312 21.
390 3255 710 3326 erythriaAErythiao
764 3264 806 3314 22.
821 3255 1137 3328 geryoueAGeryouae

121 3327 270 3385 Traducta
341 3334 383 3383 23.
399 3327 503 3398 agriA
571 3327 593 3383 's
607 3330 706 3398 scripsi
741 3329 743 3339 '
777 3335 944 3384 nemorose
958 3328 986 3382 A
1000 3343 1106 3383 messes
1120 3344 1139 3383 o

163 3398 327 3468 aliquotA¹
341 3415 409 3454 corr.
456 3404 499 3456 28.
552 3397 663 3468 pellant
675 3399 717 3453 A¹
730 3398 879 3502 appellant
891 3399 934 3453 A’
976 3397 1137 3455 britannico

114 3471 160 3523 A¹
177 3487 247 3527 corr.
321 3468 468 3525 osusmicis
486 3470 528 3526 A¹
547 3468 701 3524 ossiemicis
718 3471 746 3525 A
