2378 3930
110 197 151 262 *12
453 194 631 251 POMPONII
649 191 776 251 MELAE

56 377 90 426 71
109 365 223 425 contra
250 358 323 424 Indi
351 359 438 425 ostia
470 358 531 422 illa
561 360 639 423 sunt
670 378 753 442 quae
780 360 899 423 vocant
926 354 1013 423 Solis
1045 358 1129 424 adeo

109 447 348 531 inhabitabilia,
366 451 404 513 ut
416 449 583 532 ingressos
598 446 648 512 vis
662 445 850 512 circumfusi
864 446 950 511 atria
965 447 1130 512 exanimet

112 537 294 621 confestim,
312 540 345 602 et
363 537 450 601 inter
467 536 540 618 ipsa
557 535 644 600 ostia
660 534 818 600 Patalene
835 535 937 620 regio,
955 535 998 600 ob
1017 539 1129 602 aestus

110 625 327 691 intolerabilis
347 624 465 691 alicubi
479 623 659 689 cultoribus
678 644 786 708 egens.
818 623 892 688 inde
911 623 953 688 ad
965 623 1128 708 principia

110 714 216 779 Rubri
229 713 328 779 maris
347 715 490 798 pertinet
503 713 626 778 Ariane
639 717 668 777 et
684 712 759 796 ipsa
771 713 860 776 invia
873 715 971 796 atque
987 712 1155 797 deserta3a

107 803 225 868 humus
250 803 350 868 cineri
372 802 478 885 magis
501 802 540 866 fit
562 822 659 885 quam
682 800 808 885 pulveri
832 800 963 884 similis,
987 799 1127 886 ideoque

107 914 166 976 per
186 912 257 957 eam
275 913 351 956 rara
369 894 403 955 et
420 911 486 954 non
505 889 643 974 grandia
655 889 789 954 flumina
807 893 969 974 emanant,
987 910 1127 973 quorum

109 980 315 1046 Tuberonem
339 984 373 1045 et
394 978 563 1043 Arusacen
583 978 757 1044 notissima
780 977 966 1062 accipimus.

55 1125 89 1173 72
198 1068 346 1134 Rubrum
369 1089 459 1132 mare
481 1065 611 1150 Graeci,
639 1066 707 1132 sive
736 1068 813 1150 quia
835 1068 904 1130 eius
933 1065 1052 1131 coloris
1075 1071 1127 1132 est

109 1157 177 1222 sive
206 1157 292 1241 quod
319 1157 366 1221 ibi
394 1155 556 1240 Erythras
583 1155 736 1239 regnavit
761 1153 928 1238 Erythran
956 1153 1127 1220 thalassan
1140 1171 1168 1212 1⁰

109 1245 290 1329 appellant:
317 1244 535 1328 procellosum
564 1265 715 1327 asperum
741 1264 844 1327 mare,
870 1242 1067 1325 profrmdum
1091 1247 1126 1309 et

108 1354 301 1418 magnorum
315 1332 506 1398 animalium
520 1332 627 1416 magis
642 1353 741 1416 quam
754 1336 862 1397 cetera
876 1352 986 1416 capax.
1016 1333 1125 1415 primo

107 1423 287 1487 recedentis
305 1443 380 1486 oras
404 1421 618 1506 aequabiliter
635 1420 786 1504 impellit,
809 1424 843 1485 et
859 1420 914 1485 ubi
933 1441 1000 1485 non
1021 1421 1126 1486 intrat

107 1511 244 1575 interius
267 1510 473 1594 aliquantum
495 1512 610 1593 patens
634 1509 725 1575 sinus
748 1512 807 1573 est.
852 1507 910 1573 sed
929 1530 1011 1593 quas
1031 1510 1124 1593 ripas

105 1599 274 1663 inflexerat
301 1599 352 1663 bia
379 1598 553 1683 inrumpit,
580 1597 724 1682 duosque
752 1599 873 1662 iterum
897 1598 987 1662 sinus
1009 1598 1168 1682 aperit1⁵

52 1702 86 1752 73
106 1686 255 1751 Persicus
283 1690 416 1753 vocatur
443 1686 538 1752 dictis
566 1687 755 1772 regionibus
782 1685 931 1770 propior,
959 1685 1124 1751 Arabicus

105 1775 250 1840 ulterior.
299 1774 450 1841 Persicus
478 1797 542 1859 qua
568 1797 659 1840 mare
687 1775 806 1858 accipit
831 1775 994 1858 utrimque
1023 1775 1124 1840 rectis

58 1920 61 1924 ,
104 1863 262 1929 lateribus
277 1864 399 1950 grande
418 1864 539 1930 ostium
553 1864 646 1948 quasi
665 1863 789 1929 cervice
804 1864 1029 1948 conplectitur,
1047 1864 1124 1928 dein

102 1953 200 2017 terris
218 1953 253 2017 in
272 1974 401 2018 omnem
414 1956 543 2037 partem
560 1956 653 2018 vaste
672 1956 706 2017 et
724 1973 827 2036 aequa
840 1952 991 2037 portione
1009 1953 1123 2017 ceden-

102 2041 192 2105 tibus
224 2062 346 2126 magno
374 2041 508 2107 litorum
536 2042 613 2106 orbe
645 2041 784 2126 pelagus
815 2041 984 2124 incingens
1016 2041 1124 2106 reddit
1137 2057 1167 2098 ὀ

48 2144 83 2193 74
102 2128 242 2194 formam
266 2130 383 2214 capitis
406 2130 551 2196 humani.
596 2129 731 2195 Arabici
754 2132 788 2193 et
810 2151 848 2193 os
867 2131 969 2194 artius
993 2133 1027 2194 et
1049 2130 1124 2195 lati·

102 2217 181 2281 tudo
210 2218 318 2283 minor
348 2222 411 2301 est,
443 2218 549 2283 maior
576 2219 742 2303 aliquanto
774 2239 921 2283 recessus
954 2222 988 2284 et
1014 2218 1121 2283 multo

101 2305 209 2388 magis
238 2304 340 2389 longa
366 2306 414 2370 lat
399 2308 479 2371 tera.
528 2306 590 2370 init
617 2307 749 2389 penitus
776 2306 1014 2390 introrsusque,
1042 2306 1121 2372 dum

100 2391 291 2476 Aegyptum
308 2414 410 2476 paene
429 2415 446 2457 e
447 2397 625 2459 tmontem
643 2394 785 2497 Arabiae
804 2392 937 2461 Casium
959 2395 1122 2480 adtingat,

102 2481 245 2565 quodam
266 2479 411 2634 fastigio·
426 2481 535 2547 minus
559 2504 596 2547 ac
619 2481 726 2547 minus
750 2482 798 2547 lat
783 2486 845 2566 tus,
868 2487 902 2548 et
926 2504 989 2568 quo
1012 2485 1121 2586 magis
1135 2498 1165 2540 *ὅ

48 2584 81 2634 75
101 2573 200 2652 penet
185 2572 254 2634 trat
281 2573 401 2673 angust
401 2571 460 2635 ior.
509 2570 551 2634 ab
578 2569 631 2635 his
661 2592 743 2655 quae
771 2571 911 2636 diximus
938 2572 979 2636 ad
1012 2572 1120 2638 sinum

100 2657 284 2743 Persicum,
313 2660 378 2724 nisi
409 2659 467 2724 ubi
495 2656 746 2743 Chelonophagi
778 2663 908 2724 morant
909 2682 961 2743 ur,
993 2660 1122 2726 deserta

100 2750 185 2810 sunt.
235 2747 270 2810 in
303 2747 374 2830 ipso
404 2744 570 2812 Carmanii
596 2748 754 2833 navigant
754 2748 821 2812 ium
853 2748 986 2823 dextera
1006 2749 1120 2850 ‘positi

100 2833 170 2897 sine
199 2838 292 2899 veste
319 2857 357 2901 ao
383 2834 478 2921 fruge
506 2837 576 2901 sine
603 2857 720 2919 pecore
749 2857 787 2900 ac
819 2836 948 2900 sedibus
980 2836 1119 2921 piscium

99 2926 172 2987 oute
201 2944 235 2987 se
262 2923 386 3003 velant,
415 2945 510 2989 earne
537 2927 725 3008 vescuntur,
751 2928 881 3008 praeter
909 2924 1019 3008 capita
1046 2928 1117 2991 toto
1133 2939 1161 2981 ³⁰

105 3082 108 3087 ¹
170 3120 194 3167 1.
214 3111 280 3167 inde
299 3115 327 3169 A
345 3112 408 3168 Indi
425 3132 446 3170 rc
500 3122 525 3169 3.
543 3131 607 3170 rara
623 3115 745 3170 tenetA
758 3114 893 3170 Patalene
909 3116 1065 3172 Ptmiomea

98 3184 630 3338 maffeium,
647 3191 716 3313 ...t
729 3185 1120 3342 prouectum

97 3272 152 3310 sm
170 3332 212 3380 13.
231 3325 389 3381 recedentis
413 3274 454 3382 aid
470 3330 498 3381 A
570 3329 603 3381 ut
620 3330 648 3383 A
667 3327 716 3382 ubi
738 3331 838 3411 scripsi
908 3327 964 3382 iret
980 3329 1009 3383 A
1027 3328 1121 3383 intrat
1148 3366 1158 3375 .

96 3399 196 3478 scripsi
269 3404 310 3451 14.
330 3399 391 3451 erat
404 3399 432 3452 A
451 3398 608 3468 estocrtpei
681 3406 722 3455 16.
741 3398 856 3481 propior
869 3399 912 3453 A²
930 3414 997 3456 corr.
1072 3405 1116 3456 1⁷.

96 3466 215 3522 ulterior
233 3468 274 3524 A¹
297 3484 366 3525 corr.
440 3476 483 3523 24
503 3469 634 3539 adtingat
651 3471 692 3525 A¹
711 3470 836 3539 attingat
853 3468 895 3523 A¹
