2378 3930
136 180 182 248 44
446 198 681 244 eaomeouana
702 200 736 241 ru

138 340 196 395 lare
213 338 339 397 volumen
354 337 505 413 colligatas.
536 338 660 395 Pertinet
674 338 760 409 igitur
776 333 844 392 haee
858 350 929 408 quae
944 341 1052 391 servata

140 430 183 480 est
204 432 328 480 vetustae
345 424 477 480 versionis
496 440 560 497 pars
575 420 609 479 ab
625 420 703 477 initio
719 418 781 476 libri
791 419 969 494 Epiphaniani
981 417 1051 492 (pai

139 508 181 563 ed.
192 506 323 579 Dindori.)
334 525 420 583 paene
436 508 571 582 usquead
587 505 678 574 linem,
694 521 756 561 nam
771 512 836 578 post
849 503 945 560 talenti
960 502 1056 559 delini-

140 594 240 649 tionem
255 590 293 666 (p.
305 592 346 649 32
363 611 402 649 vs.
416 592 455 649 16
466 591 553 663 Dind.)
567 607 652 665 panea
667 589 811 646 admodum
826 590 854 644 in
869 587 973 645 Graeco
988 604 1056 644 eon-

140 684 215 733 tortu
232 676 371 749 leguntur.
405 676 478 750 Ergo
501 677 592 733 differt
614 675 706 730 eadem
725 674 758 731 ab
779 691 810 730 ea
825 675 952 730 versione
971 689 1054 746 quam

139 777 189 817 uos
208 761 341 817 edidimus
355 761 400 833 (ir.
419 759 501 833 122),
520 776 590 834 qnae
607 767 711 815 tantum
724 774 865 814 mensuras
884 775 916 815 ae
930 757 1054 831 pondera

139 845 277 917 eontinet,
302 863 356 902 non
376 846 497 920 reliquas
516 863 561 902 res
577 859 642 900 sane
659 842 760 899 alienas
774 860 790 899 a
806 845 952 917 proposito
968 838 1062 915 (prol)

139 929 233 1000 387).
265 930 317 986 Sed
338 931 445 987 redeam
470 931 502 986 ad
524 938 682 1004 apparatum
704 928 827 983 Danielis.
858 928 945 983 lluius
967 927 1055 999 igitur

139 1014 241 1071 eodieis
256 1015 445 1088 apographum
460 1014 525 1071 iacit
542 1016 656 1089 primam
672 1020 777 1086 partem
795 1012 869 1069 illius
890 1010 1052 1067 voluminis:

138 1100 262 1171 sequitur
275 1098 305 1154 t.
318 1100 416 1156 Banaei
436 1099 553 1173 epistula
574 1098 683 1154 Genabo
706 1098 739 1153 ad
759 1097 877 1169 Ligerim
898 1097 975 1165 data,
1000 1113 1055 1170 qua

139 1182 184 1237 ille
199 1184 319 1239 ostendit
337 1202 367 1241 se
384 1184 571 1258 apographum
588 1181 723 1239 aDaniele
741 1184 853 1239 missum
869 1183 926 1237 suis
941 1181 1056 1237 adnota-

140 1266 260 1323 tionibus
274 1277 382 1325 auctum
397 1262 572 1340 remisisse²).
604 1270 670 1324 Tum
685 1267 753 1324 haee
769 1266 957 1322 inveniuntur:

201 1351 231 1406 ll.
250 1350 344 1409 lolium
366 1354 469 1410 lormae
490 1361 600 1409 octavae
622 1353 674 1408 hoe
696 1352 776 1407 titulo
792 1352 857 1407 ‘Em
874 1368 900 1405 o.
917 1350 981 1406 eod.
998 1350 1054 1405 Er-

139 1438 199 1490 riei
213 1435 339 1494 Memmii
358 1438 468 1495 Volusii
482 1437 624 1494 Metiani'.

203 1520 243 1577 lll.
259 1521 313 1577 alno
329 1521 394 1579 lolia
411 1524 515 1580 lormae
526 1523 650 1579 maioris:
665 1517 789 1577 ‘isidori
799 1521 929 1576 lenioris
945 1519 1053 1591 Hispa-

139 1609 227 1663 lensis
244 1606 385 1679 Episcopi
402 1606 445 1662 De
465 1607 645 1663 Ponderibus
667 1621 704 1661 ea
717 1607 746 1661 X
751 1605 790 1662 Vl
804 1606 879 1663 libro
895 1606 1052 1677 Etpmolop.

141 1708 207 1764 cap.
220 1690 281 1747 24².
312 1692 448 1749 Adnotatu
463 1702 505 1749 est
521 1693 593 1749 varia
609 1693 700 1748 neseio
718 1707 834 1763 quorum
848 1689 972 1747 codicum
985 1690 1055 1746 seri·

140 1785 228 1850 ptura.

202 1860 245 1917 lV.
263 1860 360 1918 lolium
375 1878 469 1931 unum,
485 1862 531 1918 uni
544 1861 624 1931 sollis
638 1870 666 1917 et
679 1854 835 1933 μιλιάριον
851 1858 943 1930 (immo
955 1853 1054 1931 μιλια·

141 1938 250 2021 ρίειον)
267 1946 445 2020 explicantur.

208 2211 239 2275 2)·
252 2212 313 2261 Hoe
333 2217 375 2261 est
394 2213 529 2277 epistulae
542 2214 665 2262 initium:
684 2213 716 2264 P.
728 2214 833 2262 Danieli
847 2212 943 2274 l'opato
962 2216 988 2258 et
1004 2209 1055 2258 sibi

139 2280 246 2329 adoriae.
267 2277 271 2340 Ι
290 2280 322 2330 L.
341 2281 463 2330 Danaeia
480 2282 507 2329 in
526 2280 625 2329 Christo
643 2295 664 2329 a.
681 2297 707 2343 p.
725 2281 759 2328 D.
777 2276 780 2341 Ι
800 2281 907 2329 liemitto
926 2278 962 2326 od
979 2284 1003 2326 te
1022 2278 1055 2325 mi

140 2347 233 2394 Daniel
261 2360 314 2393 earn
344 2363 416 2411 quain
438 2350 470 2396 de
493 2348 641 2411 Epiphanio
665 2348 797 2397 Ancorato
820 2348 939 2396 Latinam
965 2345 1055 2407 fecisti

136 2419 237 2476 partem
260 2428 324 2477 qaae
346 2417 417 2478 apud
438 2430 475 2464 me
497 2418 597 2480 reliqua
619 2421 685 2464 erat.
722 2431 786 2480 quiae
808 2417 832 2464 si
848 2416 955 2476 diutius,
979 2428 1053 2477 qaam

138 2496 275 2544 sperares,
300 2497 316 2528 a
333 2497 370 2530 nee
388 2488 489 2530 retento
506 2489 558 2540 est,
588 2484 617 2531 id
633 2498 683 2532 non
700 2489 751 2531 torn
769 2484 805 2532 iai
826 2481 955 2536 oblivioni,
978 2496 1053 2544 qaam

138 2563 208 2597 meae
224 2550 346 2612 pigritiae
364 2555 390 2597 et
407 2550 501 2613 inpenit
517 2552 627 2600 meditati
644 2549 754 2611 tribuas,
773 2552 889 2615 quoniam
907 2546 955 2610 (an
973 2545 1053 2612 quai)

139 2617 167 2665 id
189 2631 239 2665 non
265 2616 420 2681 assequebar
441 2618 520 2680 focile
551 2619 620 2683 qood
648 2620 730 2667 amitis
753 2620 780 2666 in
804 2620 867 2668 loeis
891 2614 1052 2667 occurrebat.

138 2682 280 2733 Emendavi
296 2686 375 2748 ipitar
391 2687 478 2742 inuita,
500 2688 550 2735 sed
570 2688 628 2736 dam
649 2688 675 2734 in
693 2689 762 2734 calce
781 2693 839 2734 tuoe
857 2684 980 2735 versionis
998 2698 1051 2731 oer-

137 2766 222 2814 sarer,
245 2767 303 2801 ecee
321 2768 335 2801 e
353 2755 449 2803 nostris
470 2755 598 2804 studiosus
624 2754 725 2818 quidam
742 2753 914 2817 Epiphaniam
936 2757 1014 2800 totam
1036 2766 1054 2799 a

138 2818 205 2868 Iano
226 2818 349 2869 Ceruario
367 2821 461 2870 Latiae
478 2822 627 2886 iampridem
643 2822 737 2884 saetam
755 2824 847 2871 (attulit.
883 2820 917 2868 In
936 2834 985 2883 qao
1003 2821 1055 2882 lepi

138 2901 170 2935 ea
193 2887 251 2949 ipsa
274 2891 400 2937 translata
422 2905 486 2954 qaae
510 2896 569 2938 ate
587 2895 792 2939 conversarent.
827 2889 864 2938 Ja
881 2888 949 2953 quod
966 2892 991 2935 te
1010 2901 1052 2934 ne-

137 2954 205 3002 scire
223 2956 303 3012 nolani,
322 2961 348 3004 ut
367 2971 397 3005 ne
410 2964 491 3006 actam
503 2973 579 3021 opas,
598 2958 687 3007 nisisi
705 2972 768 3021 quas
785 2957 963 3006 annotationes
980 2954 1052 3016 sorte

138 3022 216 3069 edere
235 3022 260 3070 in
278 3023 359 3085 ipsam
378 3023 497 3073 Ceruarii
512 3028 652 3075 versionem
669 3027 796 3074 malueris.
832 3023 874 3072 Ad
892 3037 963 3087 quae
981 3021 1052 3071 Use-

137 3103 221 3137 nerua
246 3089 317 3139 haee
345 3096 424 3141 acute
453 3091 609 3142 adnotavit:
645 3093 761 3142 Hieratis
786 3093 845 3156 pelei
867 3092 967 3147 deroor,
991 3090 1053 3138 dass

140 3156 259 3205 Danoeas
282 3160 331 3207 den
349 3159 464 3222 Austrap
481 3161 527 3209 des
545 3160 576 3212 P.
595 3161 690 3209 Daniel
704 3174 770 3222 ponz
790 3160 874 3223 folselt
896 3159 1051 3208 verstanden

136 3223 218 3274 doben
236 3239 308 3274 anoss.
344 3226 393 3274 Die
411 3226 616 3289 vorderpeliende
634 3227 769 3291 Absedrift
787 3230 833 3277 des
851 3228 907 3277 eod.
926 3226 950 3274 A
968 3226 999 3275 57
1017 3225 1052 3273 ist

137 3307 185 3343 oon
201 3293 323 3343 Donaeas
343 3308 408 3356 paon:
432 3294 637 3358 citirclteorripirt
659 3293 735 3356 (aneia
750 3294 917 3360 pelopentiiele
934 3294 979 3341 neit
995 3292 1051 3340 An-

136 3360 289 3425 nierknnpen
312 3361 444 3423 oereelten,
467 3376 488 3409 z.
507 3360 541 3413 B.
559 3363 642 3426 pteielt
659 3361 707 3411 fol.
727 3365 740 3410 1
759 3363 823 3411 iiber
846 3363 901 3411 dem
923 3360 989 3409 Titel
1005 3360 1052 3408 des

137 3428 239 3479 Boedas
255 3426 430 3492 Aneyram),
449 3428 568 3492 offendar
584 3437 660 3478 anter
678 3431 725 3478 der
746 3430 967 3492 Vorauseeizanp‚
990 3428 1052 3476 dass

125 3497 160 3547 Ι).
184 3497 285 3548 Dant‘el
302 3499 347 3548 di'e
368 3494 564 3561 (oermeintlied)
592 3496 671 3547 selbot
698 3495 834 3563 pefertipte
860 3495 975 3544 Version
1001 3496 1059 3540 dem

109 3564 298 3624 praecidania
319 3566 409 3620 Texta
431 3568 471 3619 als
495 3565 683 3631 Erlciuteronp
702 3562 849 3632 pepenttber
868 3562 961 3610 stetten
975 3559 1050 3606 uoti.
