2378 3930
105 233 126 296 8
438 229 629 287 ,ΡΟΜΡΟΝΙΙ
646 229 771 286 Munna

51 408 84 457 29
104 395 220 459 melior
243 398 277 458 et
293 393 435 480 segnitia
457 393 566 479 gantis
584 393 731 460 obscura
777 415 815 458 ex
836 393 889 458 his
906 397 1017 459 tamen
1036 416 1118 480 quae

103 503 356 549 commemorare
383 503 450 549 non
475 483 568 567 piget
595 485 722 548 montes
751 486 827 548 sunt
853 482 914 547 alti
937 484 993 568 qui
1015 484 1118 549 conti-

102 576 217 637 nenter
244 574 278 637 et
305 572 398 657 quasi
425 571 465 638 de
491 571 650 636 industria
676 571 711 635 in
732 571 883 637 ordinem
910 572 1052 655 expositi
1075 573 1118 638 ob

101 681 272 725 numerum
290 658 423 744 Septem
446 661 488 726 ob
512 659 757 726 similitudinem
779 658 912 725 Fratres
929 681 1117 746 nuncupan-

102 752 165 813 tur.
215 747 385 814 Tumuada
412 749 543 835 fluvius,
575 753 608 814 et
635 748 802 833 Rusigada
830 751 864 813 et
890 747 970 833 Siga
996 772 1116 832 parvae
1144 771 1157 810 ι

102 837 208 922 urbes,
226 840 260 903 et
277 841 390 922 portus
409 839 461 903 cui
478 836 601 922 Magno
625 841 676 902 est
693 858 874 922 cognomen
898 836 940 901 ob
964 839 1117 921 spatium.

100 924 255 992 Mulucha
278 926 335 992 ille
363 949 457 1012 quem
483 926 624 992 diximus
654 928 761 991 amnis
786 930 838 991 e'st
859 947 947 991 nunc
969 927 1116 1010 gentium

103 1015 182 1079 olim
200 1035 375 1101 regnorum
395 1036 522 1101 quoque
541 1015 710 1099 terminus,
728 1013 850 1080 Bocchi
863 1014 1115 1100 Iugurthaeque.

190 1104 243 1168 Ab
262 1125 301 1169 co
315 1102 471 1168 Numidia
484 1103 524 1168 ad
540 1104 628 1188 ripas
643 1104 792 1188 exposita
806 1103 947 1168 fluminis
962 1103 1118 1189 Ampsaci

101 1193 209 1275 spatio
234 1191 362 1277 quidem
386 1194 484 1277 quain
505 1191 710 1258 Mauretania
729 1193 900 1278 angustior
923 1197 983 1277 eet,
1005 1214 1118 1257 verum
1132 1212 1166 1253 ιο·

101 1284 133 1346 et
152 1282 242 1347 culta
259 1281 364 1366 magis
384 1286 418 1346 et
436 1281 544 1347 ditior.
588 1280 718 1347 urbium
738 1303 819 1366 quas
838 1280 940 1346 habet
957 1281 1118 1347 maximae

101 1374 178 1433 sunt
201 1369 291 1436 Oirta
318 1370 431 1453 procul
460 1369 598 1449 amari,
627 1391 712 1435 nunc
736 1368 952 1436 Sittianorum
981 1370 1118 1455 colonia,

101 1458 263 1544 quondam
289 1478 404 1544 regum
432 1458 622 1539 domus‚t
589 1462 622 1523 et
636 1480 724 1523 aum
747 1457 921 1544 Syphacis
933 1458 1018 1524 foret
1040 1480 1118 1543 opn-

100 1547 296 1648 lentissima,⁸
314 1547 365 1612 lol
384 1547 425 1613 ad
448 1568 538 1612 mare
557 1547 730 1632 aliquando
750 1546 915 1650 ignohilis‚
937 1569 1023 1612 nunc
1042 1548 1118 1632 quia

99 1633 200 1701 Iubae
228 1635 319 1720 regia
341 1634 460 1701 fuitet
446 1635 569 1721 tquod
592 1634 751 1702 Caesarea
773 1636 896 1702 vocitat
897 1658 935 1699 ur
960 1635 1117 1701 inlustris
1131 1653 1157 1695 ιι

47 1724 302 1807 arcitrahanc
329 1725 464 1790 namin
486 1724 592 1789 medio
615 1726 716 1790 ferme
739 1725 836 1790 litore
860 1724 925 1789 sita
948 1728 1010 1808 est,
1040 1722 1117 1791 Oar-

98 1811 191 1877 tinna
218 1816 252 1878 et
274 1814 418 1878 Arsinna
446 1817 522 1878 sunt
549 1813 669 1897 oppida
696 1818 729 1878 et
755 1813 858 1879 Aviaa
885 1816 956 1878 caet
941 1813 1056 1878 tellum
1084 1817 1118 1878 et

99 1898 238 1966 Laturus
252 1901 343 1967 sinus
362 1907 395 1967 et
410 1900 587 1967 Sardabale
606 1903 732 1967 fluvius.
769 1903 857 1968 ultra
870 1905 1120 1967 monumentum

99 2009 268 2055 commune
286 1990 396 2076 regiae
415 1990 534 2076 gentis,
553 1989 667 2056 deinde
681 1990 822 2057 Icosium
840 1989 994 2057 Ruthisia
1011 1989 1117 2075 urbes,

99 2076 266 2145 effluentes
285 2079 371 2144 inter
390 2101 445 2145 aas
459 2078 569 2145 Aucus
587 2082 622 2145 et
635 2078 749 2146 Nabar
767 2081 895 2165 aliaque
913 2100 996 2164 quae
1014 2079 1116 2144 taceri
1130 2097 1158 2138 ao

45 2181 79 2230 32
97 2165 226 2231 nullum
257 2190 365 2234 rerum
397 2167 545 2234 famaeve
577 2168 782 2253 dispendium
810 2173 869 2234 cst.
920 2168 1056 2232 interius
1085 2170 1118 2233 et

99 2254 197 2340 longe
225 2256 304 2321 satis
333 2278 353 2320 a
379 2257 488 2341 litore,
521 2257 549 2322 si
577 2256 675 2322 fidem
705 2279 757 2323 res
791 2257 893 2342 capit,
924 2255 1044 2319 mirum
1077 2256 1117 2322 ad

98 2343 230 2408 modum
260 2345 373 2431 spinae
400 2344 539 2429 piscium
566 2346 725 2411 muricum
752 2350 998 2427 ostrearumque
1029 2344 1118 2428 frag·

97 2436 208 2497 menta
231 2454 310 2498 saxa
333 2432 468 2517 adtrita,
491 2433 540 2497 uti
563 2435 683 2518 solent,
709 2433 861 2499 fluctibus
885 2435 919 2497 et
941 2453 1007 2497 non
1029 2433 1119 2498 diffe-

96 2521 205 2586 rentia
228 2521 364 2587 marinis
386 2521 505 2586 infixae
529 2522 677 2588 cautibus
701 2522 860 2588 anchorae
884 2524 917 2587 et
944 2521 1011 2586 alia
1034 2522 1116 2587 eius·
1130 2540 1158 2581 as

97 2609 186 2675 modi
214 2610 309 2696 signa
336 2614 434 2696 atque
466 2610 608 2696 vestigia
635 2611 728 2676 effusi
760 2610 839 2676 olim
870 2631 972 2694 usque
1004 2610 1045 2675 ad
1076 2631 1115 2675 ea

96 2697 169 2762 loca
191 2698 333 2784 pelagi
324 2721 359 2763 ιιι
381 2699 503 2783 campis
526 2699 610 2765 nihil
634 2698 796 2765 alentibus
820 2720 891 2765 esse
913 2699 1115 2783 invenirique

96 2792 281 2853 narrantur.

44 2851 77 2979 ΒΞ
187 2876 292 2961 Regio
312 2897 394 2960 quae
417 2877 562 2961 sequitur
580 2900 600 2942 a
621 2877 848 2960 promunturio
866 2838 1055 2959 Metagonio
1074 2874 1115 2939 ad

96 2963 182 3029 Aras
199 2964 431 3030 Philaenorum
453 2965 584 3049 proprie
602 2986 721 3032 nomen
738 2964 871 3030 Africae
889 2967 1035 3047 usurpat.
1079 2963 1115 3027 in
1128 2983 1162 3023 ao·

97 3073 136 3117 ea
155 3056 231 3119 sunt
245 3053 365 3138 oppida
377 3052 489 3138 Hippo
503 3053 626 3138 Regius
645 3059 679 3120 et
692 3053 871 3119 Rusiccade
886 3057 920 3118 et
933 3052 1113 3118 Thabraca.

48 1158 83 1208 30

168 3279 392 3335 2continentur
405 3281 433 3333 A
447 3278 626 3334 continenter
644 3297 664 3334 x
737 3286 777 3337 12
793 3279 885 3335 cirtha
898 3279 926 3332 A
1000 3285 1042 3333 14
1057 3277 1115 3334 iola

95 3368 122 3421 A
142 3367 184 3421 lol
202 3358 349 3424 Barbarus
404 3373 445 3422 ιι.
466 3383 596 3424 caesarea
613 3368 654 3424 A¹
662 3383 806 3426 caesarea
823 3366 865 3422 A¹
919 3347 1116 3435 ἰιιιιιιιιὶιιι1

167 3444 212 3494 22.
230 3439 332 3495 altiore
350 3439 414 3494 Aa
436 3437 556 3496 litoreo
629 3445 671 3495 24
696 3437 801 3494 adtrita
819 3437 861 3492 A²
885 3421 985 3492 attrita
1003 3437 1045 3493 A’

95 3517 139 3566 26.
163 3510 254 3579 adque
277 3511 318 3566 A¹
341 3511 427 3580 atque
450 3509 492 3566 A¹
563 3515 607 3567 30.
630 3509 777 3584 filanorum
799 3509 827 3564 A
