2378 3930
164 204 209 271 24
354 251 357 255 -
480 224 717 268 raonncosruun
734 226 794 267 m-

167 364 246 421 alren
262 358 306 438 (de
321 361 366 434 lig.
384 361 402 433 8
422 360 489 433 17),
514 378 545 419 ea
562 364 651 419 omnia
664 360 770 435 Didymi
788 378 849 419 esse
869 360 1006 435 arbitror,
1028 380 1084 421 non

167 451 264 522 partim
279 447 410 517 Dardani,
429 455 461 503 ut
475 446 572 503 statuit
586 440 727 517 Keilius⁷).

371 611 410 661 Dc
433 611 545 662 Victorii
562 617 708 675 crpurnentc
727 613 878 674 calculandi.

99 725 153 787 117
227 717 357 774 Pervenio
379 718 432 773 iarn
456 717 489 774 ad
511 718 674 790 scriptorem
690 715 828 773 Prisciano
850 716 907 772 lere
929 717 1081 790 aequalem,

167 818 246 877 quem
263 800 455 859 calculatorem
471 800 703 857 studiosissimum
720 802 869 874 imperator
881 801 1021 857 Honorius
1036 819 1086 876 ap·

166 886 283 962 pellasse
304 886 408 955 fertur,
432 886 580 942 Victorium
601 887 777 959 Aquitanum.
820 885 902 941 Cuius
924 886 958 941 de
980 886 1035 942 vita
1056 893 1084 942 et

166 972 276 1045 scriptis
297 971 415 1044 praefari
437 970 617 1044 supersedeo,
640 986 702 1026 cum
720 986 808 1042 nuper
823 969 963 1043 copiosius
985 970 1020 1025 de
1042 971 1086 1027 his

165 1056 345 1129 disputaverit
357 1054 491 1111 Christius
499 1050 527 1129 ¹).
557 1054 609 1110 Sed
622 1062 651 1109 ut
662 1056 756 1128 paucis
769 1062 891 1128 repetam
908 1070 977 1127 quae
992 1056 1083 1110 omitti

165 1146 316 1213 nequeunt,
334 1147 445 1213 praeter
463 1137 670 1195 celeberrimum
688 1138 765 1194 illum
780 1154 911 1195 canonem
927 1138 1085 1211 paschalem

166 1224 301 1280 Victorius
322 1224 433 1298 scripsit
454 1224 547 1297 priore
568 1232 646 1296 parte
666 1222 767 1279 saeculi
783 1223 804 1277 V
819 1230 1012 1296 argumentum
1030 1225 1084 1280 cal·

165 1309 286 1378 colandi,
311 1309 389 1365 cuius
412 1308 520 1364 initium
543 1307 607 1363 olim
630 1309 703 1363 inter
723 1307 809 1364 Bedne
829 1307 930 1381 scripta
955 1304 1086 1379 editum²i

164 1410 253 1467 nrrpcr
273 1392 421 1449 aClrristio
442 1409 457 1448 e
482 1392 574 1448 codice
590 1390 781 1466 Bambergensi
802 1394 949 1466 repetitum
969 1401 1011 1449 est
1030 1409 1085 1449 una

165 1493 225 1532 cum
252 1477 373 1534 dbbonis
404 1477 593 1533 commentarii
622 1475 746 1550 partiltus
774 1476 935 1550 quibusdam
963 1477 1083 1533 selectis.

163 1562 232 1616 ilinc
252 1578 304 1617 nos
325 1564 510 1635 excerpsimus
531 1577 562 1616 ea
583 1576 652 1634 quae
674 1561 707 1617 de
728 1561 798 1617 assis
819 1561 951 1617 divisione
974 1562 1085 1617 tradun-

166 1640 254 1717 tnr³),
281 1648 422 1702 omisimus
448 1653 537 1701 autom
562 1643 667 1701 tabulas
689 1644 925 1719 multiplicationis
947 1645 1084 1702 alienasa

164 1730 318 1803 proposito.
353 1730 520 1802 Quamquam
543 1738 663 1785 extrema
686 1729 766 1786 verba
787 1729 840 1787 loci
862 1748 877 1786 a
898 1729 979 1785 nobis
1002 1730 1083 1785 editi:

163 1818 223 1869 iam
245 1815 377 1886 reliquae
400 1817 542 1869 minutiae
561 1843 610 1885 -,
632 1816 664 1869 'at
686 1823 753 1870 sent
774 1815 883 1870 sicilici
901 1816 1034 1871 centulae
1057 1823 1083 1868 et

165 1906 280 1969 cetera,
304 1899 405 1954 melius
422 1902 567 1970 exipsius
585 1899 695 1954 cuiculi
709 1902 889 1971 inspectione
906 1914 1084 1972 capnoscnn-

164 1994 223 2053 tur,
240 1985 307 2040 lraec
319 1983 415 2040 iisdem
429 1983 527 2040 tabulis
540 1984 741 2058 quodammodo
754 1984 936 2053 illustrantur,
949 1983 1082 2057 siquidem

163 2070 220 2125 illic
242 2069 358 2141 legimus
381 2070 479 2125 omnis.
490 2069 726 2142 multiplicationis
745 2071 909 2142 principium
925 2067 985 2124 lieri
1001 2085 1016 2122 a
1030 2069 1084 2124 di·

163 2154 268 2208 midia
284 2154 432 2209 sextula.
459 2154 529 2210 Haec
547 2154 633 2226 igitur
650 2162 785 2228 tamquam
802 2154 913 2209 minima
932 2170 994 2226 pars
1012 2155 1083 2208 assis

163 2236 282 2291 arldendn
299 2245 341 2292 est
356 2237 477 2293 sextulae
493 2237 596 2294 sicilico
612 2239 780 2311 reliquisque
795 2239 917 2294 minutiis
933 2237 1084 2294 aVictorio

163 2320 336 2375 enumeratis.

373 2484 479 2534 Carmen
498 2487 529 2533 de
546 2486 704 2548 ponderibus
721 2474 876 2536 illustretur.

97 2595 149 2654 118
225 2588 359 2645 liidactica
380 2588 562 2646 Romanorum
586 2591 661 2647 ltlusa
682 2599 713 2647 ut
735 2590 840 2647 nullum
861 2592 919 2648 lere
942 2593 1084 2648 doctrinae

164 2689 251 2745 genus
268 2675 390 2746 quamvis
405 2673 523 2729 alienum
540 2692 555 2728 a
569 2677 677 2747 poetica
694 2676 854 2732 tractatione
867 2676 979 2750 reliquit
993 2678 1081 2732 inten-

162 2837 256 2887 drinus
280 2838 327 2900 qui
350 2837 384 2887 de
407 2839 542 2888 mensuris
566 2855 728 2890 marmorum
752 2856 786 2891 ac
809 2841 946 2906 lignorum
971 2840 1085 2905 scripsit

163 2909 211 2953 aut
224 2904 424 2956 Chalcenterus
443 2920 504 2956 esse
523 2906 663 2957 videretur
681 2912 730 2958 aut
748 2907 819 2957 alius
839 2909 976 2972 quispiam
996 2924 1028 2957 ex
1047 2909 1083 2957 iis

161 2971 288 3034 Didymis
312 2987 378 3037 quos
403 2974 508 3038 scripta
532 2974 678 3038 reliquisse
703 2975 814 3027 aliunde
838 2976 972 3026 novimus.
1012 2975 1082 3025 Nam

162 3038 239 3088 nulla
259 3041 348 3089 estin
368 3057 401 3093 ea
419 3057 448 3091 re
467 3042 621 3106 probabilis
641 3044 818 3094 coniecturae
832 3045 912 3108 quasi
926 3058 1007 3103 onsa3
1027 3043 1083 3092 nisi

162 3106 234 3155 iorte
252 3106 304 3158 hoc
325 3107 458 3159 affirmari
476 3114 568 3174 potest
587 3115 662 3160 certe
682 3104 907 3175 aOhalcentero,
926 3111 972 3175 qui
992 3125 1082 3175 gram-

161 3174 278 3224 maticos
296 3177 482 3226 tantummodo
496 3176 581 3228 libros
595 3178 750 3243 scripserit,
771 3178 890 3230 alienam
905 3179 990 3228 inisse
1003 3177 1081 3227 illam

161 3256 350 3292 mensurarum
368 3244 524 3293 scientiam.

230 3308 255 3368 i)
276 3309 390 3369 Quaem.
410 3325 523 3374 gramm.
544 3328 569 3376 p.
589 3315 614 3365 8.

160 3374 586 3495 l0⁰1)15{ideSitznnqelrericdt
608 3382 655 3431 der
678 3381 782 3432 ridinclt.
802 3380 890 3430 Altud.
916 3382 990 3432 1863.
1016 3381 1030 3429 1
1052 3396 1080 3443 p.

217 3510 247 3574 2)
270 3512 297 3564 V.
320 3512 469 3566 Clrristium
487 3531 515 3582 p.
537 3517 596 3570 109.

180 3626 183 3633 .
206 3578 235 3641 3)
253 3580 367 3636 ibidem
382 3601 412 3653 p.
435 3588 487 3639 133
507 3600 533 3638 s.
