2378 3930
155 226 198 293 54
419 248 440 288 a:
458 246 787 292 communiamus
991 224 1071 311 [111]

155 381 276 445 urbanis
297 382 424 461 spatium
446 390 562 443 eentum
583 380 709 461 pedum,
730 382 763 442 in
784 380 950 459 agrestibus
970 389 1071 443 autem

154 484 263 561 pedum
286 482 332 545 CL
355 481 448 563 [quod
472 491 604 544 aratores
626 482 784 544 candetum
805 480 998 563 nomenant];
1024 502 1071 545 se·

154 566 331 663 miiugerum
353 602 472 664 quoque
494 602 674 663 arepennem
696 593 811 646 vocant.

215 700 247 763 6.
270 702 364 781 Ergo,
391 711 424 764 ut
447 703 521 773 dixi,
544 703 603 764 duo
625 709 709 763 aetus
732 704 829 782 iugeri
851 703 984 765 efficiunt
1006 687 1071 764 lon·

119 804 314 881 ogitudinem
342 804 452 881 pedum
482 803 593 873 CCXL,
632 802 818 865 latitudinem
845 805 956 883 pedum
985 805 1069 877 CXX,

153 923 228 984 quae
251 914 395 986 utraeque
417 924 550 967 summae
572 907 603 966 in
624 924 657 967 se
678 906 888 986 multiplicatae
910 906 1070 985 quadrato·

153 1024 220 1067 rum
242 1006 355 1068 faciunt
376 1008 484 1086 pedum
507 1006 588 1068 milia
610 1006 727 1068 xxi-'111
749 1006 854 1069 DCCC.

218 1122 246 1186 7.
270 1125 402 1187 Stadium
426 1125 532 1187 deinde
554 1124 644 1186 habet
660 1144 765 1205 passus
780 1126 888 1196 CXXV,
912 1126 941 1187 id
957 1136 1003 1188 est
1016 1146 1070 1206 pe·

153 1225 206 1286 des
227 1226 366 1297 DCXXV‚
396 1245 471 1306 quae
500 1244 638 1288 mensura
661 1228 753 1290 octies
776 1229 866 1290 efficit
887 1248 927 1289 00
955 1246 1068 1307 passus.

103 1335 223 1388 10sunt
244 1347 278 1389 ea
301 1346 339 1387 m.
361 1346 391 1406 p.
415 1328 448 1388 V.

218 1426 247 1490 8.
273 1431 441 1491 Centuriam
473 1447 551 1491 nunc
580 1430 718 1501 dicimus,
747 1439 780 1494 ut
802 1432 879 1493 idom
902 1434 996 1493 Varro
1019 1433 1067 1501 ait,

153 1529 348 1592 ducentorum
376 1533 512 1610 iugerum
542 1532 672 1594 modum.
718 1532 786 1594 olim
816 1542 913 1595 autem
941 1534 978 1595 ab
1002 1552 1069 1595 cen-

153 1638 216 1692 tum
237 1632 389 1711 iugeribus
412 1633 572 1695 vocabatur
595 1637 742 1703 centuria,
766 1636 817 1697 sed
834 1655 902 1696 mox
920 1635 1068 1714 duplicata

153 1751 261 1794 nomeu
291 1736 424 1805 retinuit,
452 1737 538 1796 sicuti
566 1733 661 1795 tribus
689 1736 783 1798 dietae
809 1738 938 1816 primum
961 1756 977 1798 a
1000 1755 1068 1816 par·

106 1847 138 1896 15
156 1834 234 1895 tibus
256 1836 357 1915 populi
379 1838 525 1916 tripertito
548 1836 646 1907 divisi,
671 1854 745 1915 quae
768 1845 867 1900 tamen
891 1855 972 1899 nune
993 1838 1070 1899 mui-

153 1937 300 2016 tipiioatae
322 1939 479 2016 pristinum
501 1956 610 1998 nomen
632 1940 794 2017 possident.

216 2046 245 2109 9.
269 2048 348 2109 Haec
371 2066 430 2108 non
453 2049 547 2110 aliena
570 2066 626 2109 neo
648 2050 751 2128 procul
775 2069 791 2110 a
814 2052 967 2111 ratiocinio
989 2050 1068 2130 quod

153 2151 290 2211 tradituri
312 2168 414 2210 sumus
436 2150 566 2211 breviter
589 2151 717 2228 praefari
740 2153 879 2231 oportuit.
924 2170 1004 2212 nunc
1021 2170 1068 2212 re·

153 2253 269 2311 niamus
292 2251 328 2310 ad
351 2254 543 2329 propositum.
588 2254 683 2331 iugeri
706 2255 797 2331 partis
821 2272 879 2313 non
903 2255 1000 2313 omnis
1016 2271 1068 2331 po·

102 2356 135 2403 20
153 2354 279 2420 suimus,
309 2352 360 2411 sed
389 2370 437 2413 eas
460 2372 535 2430 quae
558 2355 667 2416 cadunt
689 2358 718 2416 in
741 2357 975 2416 aestimationem
999 2354 1069 2415 iaoti

153 2451 261 2530 operis.
307 2470 374 2512 nam
391 2454 521 2515 minores
536 2457 673 2535 persequi
689 2474 903 2534 supervacuum
921 2456 988 2525 tuit,
1013 2474 1068 2533 pro

153 2554 260 2633 quilius
283 2552 361 2615 nulla
385 2572 500 2615 meroes
523 2556 710 2635 dependitur.

223 2813 246 2859 l.
266 2808 343 2859 centri
361 2810 382 2859 S
449 2812 473 2860 2.
492 2815 640 2861 nomenont
658 2811 686 2873 S,
707 2818 732 2860 et
749 2814 787 2861 sic
804 2815 910 2877 scripsit
928 2815 1069 2878 interpota-

154 2902 211 2949 tor‚·
232 2909 311 2957 super
330 2909 344 2943 o
363 2896 423 2943 odd.
442 2895 451 2942 i
469 2911 555 2945 maone
570 2898 651 2960 paeto
669 2897 798 2946 recentior
900 2901 924 2952 4.
944 2900 1070 2964 iugerum

159 2980 196 3027 Ve
265 2979 289 3027 5.
310 2976 393 3043 CXX]
414 2978 511 3028 CCXX
524 2980 544 3029 S
612 2982 636 3029 6.
656 2996 728 3044 quae
746 2985 878 3046 utraeque
896 2985 982 3032 om.P
1044 2986 1067 3033 t.

154 3050 273 3112 XXVIII
291 3050 417 3114 (ΜΒ
485 3066 509 3117 9.
528 3065 603 3115 mille
621 3067 660 3115 Ve
729 3078 840 3129 passus·
861 3071 924 3116 sunt
942 3083 1069 3132 eampum

153 3146 175 3193 S
193 3145 228 3211 (u.
243 3148 359 3213 praefi),
384 3163 489 3214 possus.
525 3151 565 3199 sic
587 3152 703 3199 ueniunt
727 3151 844 3215 quinque
869 3151 946 3200 milia
969 3152 1069 3217 pedum

158 3234 205 3289 Ve,
225 3238 287 3281 sunt
304 3248 402 3297 passus
421 3234 445 3283 is
464 3235 580 3283 ueniunt
598 3241 647 3286 ret,
660 3236 685 3283 P
752 3238 795 3287 12.
810 3242 872 3299 post
890 3232 1079 3286 ducentorum

158 3319 197 3367 Ve
215 3318 275 3367 odd,
294 3333 405 3367 numero
469 3320 596 3370 14.oiout
613 3320 651 3368 Ve
716 3322 755 3373 15.
769 3321 909 3385 tripartito
927 3321 964 3369 Ve
1030 3322 1069 3370 17.

155 3438 246 3501 prorui
262 3453 278 3485 u
296 3402 428 3487 rat'oeinio
447 3438 468 3487 S
555 3440 594 3487 18.
613 3438 755 3487 braeviter
772 3437 794 3486 S
868 3441 907 3490 19.
925 3452 1070 3504 possumus

143 3520 212 3571 SVe
232 3521 267 3587 (r,
284 3520 390 3589 praefi)
478 3525 520 3575 20.
544 3521 750 3575 estimationem
772 3520 790 3570 S
875 3525 920 3570 Ὦ.
941 3522 1071 3571 moroedo

126 3606 269 3668 penditur
283 3609 336 3661 SP
