2378 3930
94 232 135 295 12
406 255 417 278 -.
433 230 612 287 POMPONII
628 231 755 287 nmen
792 275 796 282 .

93 395 222 478 absunt,
239 395 350 459 vultus
368 394 404 459 in
422 398 554 478 pectore
572 398 631 462 est.
667 393 795 479 Satyris
814 399 944 480 praeter
962 393 1105 478 effigiem

91 483 175 546 nihil
197 483 341 547 humani.
390 481 595 568 Aegipanum
618 505 701 569 quae
725 484 908 549 celebratur
935 505 974 548 ea
999 484 1106 548 forma

93 576 151 636 est.
197 571 279 638 haee
302 571 342 636 de
364 571 485 637 Africa.

39 637 77 765 499
180 660 280 726 Asiae
297 662 405 744 prima
422 683 499 745 pars
518 661 688 747 Aegyptus
707 662 794 727 inter
812 659 1057 728 Catabathmon
1075 663 1108 724 et

92 749 235 833 Arabas3
263 748 392 815 abhoc
419 750 517 817 litore
540 752 671 834 penitus
699 751 847 816 immissa
869 750 971 815 donec
994 746 1106 813 Aethi·
1133 764 1146 806 ⁵

93 838 202 920 opiam
221 838 318 903 dorso
336 839 507 924 contingat
527 838 568 903 ad
586 839 755 904 meridiem
773 840 906 925 refugit.
946 841 1036 902 terra
1054 858 1106 901 ex·

92 948 166 1009 pers
193 926 348 991 imbrium
376 927 458 992 mire
485 930 595 992 tamen
622 927 741 992 fertilis
770 931 804 993 et
830 927 1000 992 hominum
1028 925 1113 990 alim

92 1036 226 1098 rumque
242 1014 432 1079 animalium
450 1016 648 1099 perfecunda
661 1017 857 1100 generatrix.
883 1015 980 1082 Nilus
999 1014 1109 1099 efficit,

40 1117 74 1166 50
94 1104 239 1167 amnium
258 1103 293 1167 in
309 1102 468 1173 Nostrum
488 1126 577 1170 mare
595 1106 831 1188 permeantium
850 1104 1020 1169 maximus.
1055 1102 1110 1168 hic

95 1214 133 1256 ex
156 1190 294 1256 desertis
316 1191 448 1258 Africae
470 1194 588 1258 missus
610 1215 670 1258 nee
695 1193 807 1258 statim
830 1193 981 1278 navigari
1002 1191 1109 1257 facilis
1124 1207 1151 1247 1⁰

93 1300 152 1344 nee
181 1280 294 1344 statim
317 1278 413 1346 Nilus
442 1284 506 1364 est,
533 1287 566 1347 et
593 1303 664 1348 curn
689 1282 744 1347 diu
767 1283 904 1365 simplex
931 1301 1110 1366 saevusque

93 1369 269 1452 deseendit,
288 1369 375 1435 circa
388 1369 522 1436 Meroen
535 1371 602 1436 late
616 1374 782 1454 patentem
796 1371 937 1436 insulam
949 1371 985 1434 in
998 1367 1111 1434 Aethi·

94 1457 203 1540 opiam
233 1457 435 1542 diffunditur,
468 1460 636 1544 alteraque
668 1463 762 1544 parte
794 1458 974 1524 Astabores
1007 1458 1110 1524 altera

92 1546 218 1629 Astape
248 1546 352 1612 dietus
381 1551 439 1613 est.
488 1549 545 1613 ubi
576 1570 688 1614 rursus
720 1549 787 1613 coit
818 1548 866 1613 ibi
896 1568 1016 1612 nomen
1046 1546 1110 1611 hoc

39 1650 72 1699 51
93 1635 190 1718 capit.
238 1635 312 1701 inde
339 1637 462 1719 partim
490 1659 587 1721 asper
613 1637 735 1720 partim
761 1637 892 1722 navigia
919 1636 1047 1720 patiens
1076 1635 1111 1699 in
1124 1650 1150 1690 1⁵

93 1725 269 1788 immanem
303 1724 410 1788 lacum
437 1724 587 1808 devenit,
613 1747 652 1789 ex
685 1746 749 1810 quo
781 1725 954 1809 praecipiti
984 1725 1110 1808 impetn

94 1832 244 1897 egressus
268 1816 301 1877 et
319 1811 521 1897 Tachempso
546 1815 683 1879 alteram
706 1815 845 1879 insulam
870 1814 1036 1897 amplexus
1058 1833 1111 1876 us·

95 1922 156 1984 que
184 1900 225 1964 ad
247 1900 489 1986 Elephantinen
517 1902 631 1966 urbem
658 1901 858 1988 Aegyptiam
886 1906 980 1967 atrox
995 1900 1111 1990 ⁸adhuc

93 1989 285 2075 fervensque
319 1991 468 2057 decurrit.
522 1995 592 2056 tum
625 1990 753 2057 demum
789 1991 948 2075 placidior
979 1993 1013 2054 et
1044 1989 1111 2054 iam

93 2078 175 2143 bene
201 2079 400 2163 navigabilis
426 2081 568 2164 primum
596 2080 688 2145 iuxta
715 2078 928 2146 Cercasorum
956 2078 1111 2162 oppidum
1125 2093 1152 2133 2⁰

93 2167 212 2249 triplex
242 2190 313 2235 esse
340 2169 466 2252 incipit.
511 2168 624 2234 deinde
646 2170 758 2233 iterum
785 2169 966 2252 iterumque
988 2166 1110 2232 divisus

95 2254 135 2318 ad
153 2252 254 2320 Delta
277 2259 310 2320 et
332 2256 373 2321 ad
391 2256 503 2341 Melyn
524 2257 552 2323 it
573 2279 633 2340 per
655 2278 783 2321 omnem
802 2256 990 2340 Aegyptum
1008 2275 1110 2340 vagus

94 2347 193 2428 atque
211 2342 386 2427 dispersus,
409 2349 597 2431 septemque
620 2348 654 2410 in
673 2366 730 2410 ora
749 2365 783 2408 se
803 2343 951 2429 scindens
971 2343 1110 2427 singulis

41 2448 74 2497 aa
94 2434 204 2514 tamen
228 2433 363 2517 grandis
387 2434 557 2501 evolvitur.
601 2455 667 2499 non
685 2436 831 2517 pererrat
854 2436 963 2498 autem
981 2435 1110 2497 tantum

94 2542 167 2586 eam
191 2522 247 2587 sed
270 2523 394 2588 aestivo
424 2523 528 2587 sidere
551 2522 716 2587 exundans
744 2521 844 2585 etiam
870 2522 1000 2606 irrigat,
1029 2521 1109 2585 adeo
1123 2536 1150 2576 2⁵

94 2608 283 2675 efficacibus
302 2611 395 2696 aquis
415 2610 456 2676 ad
475 2610 699 2696 generandum
719 2609 942 2694 alendumque,
964 2613 1002 2674 ut
1019 2629 1111 2693 prae

93 2702 144 2762 ter
166 2696 199 2760 id
223 2699 309 2783 quod
327 2704 432 2764 scatet
449 2699 602 2784 piscibus,
625 2698 711 2783 quod
728 2699 982 2782 hippopotamos
1002 2718 1109 2763 croco-

93 2785 241 2868 dilosque
263 2790 373 2852 vastas
396 2789 510 2853 beluas
538 2788 659 2873 gignit,
687 2787 816 2872 glaebis
839 2787 939 2852 etiam
960 2785 1112 2850 infundat

94 2874 232 2956 animas,
265 2895 304 2938 ex
335 2876 469 2960 ipsaque
500 2875 600 2940 humo
632 2877 749 2942 vitalia
781 2876 925 2961 effingat
975 2874 1038 2940 hoc
1071 2895 1109 2938 eo

94 2961 305 3027 manifestum
332 2967 396 3047 est,
424 2963 509 3048 quod
536 2963 594 3027 ubi
621 2964 748 3030 sedarit
775 2964 899 3031 diluvia
926 2987 964 3030 ao
988 2985 1022 3029 se
1046 2963 1110 3040 sibi
1124 2978 1151 3020 ³0

93 3048 247 3136 reddidit,
274 3073 333 3135 per
360 3056 509 3118 umentes
537 3073 670 3137 campos
693 3052 850 3138 quaedam
874 3052 1018 3119 nondum
1041 3073 1112 3137 per·

166 3230 190 3278 4.
214 3231 239 3280 5.
262 3224 368 3294 <Asiae
387 3255 420 3265 -
439 3226 568 3297 Arabas>
586 3227 613 3281 A
688 3233 729 3284 11.
754 3228 888 3350 <equum
905 3227 933 3281 A
1007 3232 1048 3281 1⁵1.
1067 3227 1110 3280 ta

92 3295 245 3368 lems<oss>
263 3295 292 3350 A
309 3294 484 3366 Tachempso
502 3297 651 3353 Barbarus
724 3304 766 3354 18.
785 3295 988 3368 eephantilem
1005 3297 1033 3350 A
1047 3295 1110 3350 Ele

93 3365 250 3436 phantinen
277 3366 429 3422 Pintianuc
512 3375 553 3423 19.
582 3368 711 3442 <et>iam
739 3370 767 3425 A
843 3375 886 3424 21.
914 3367 1017 3422 iterum
1044 3368 1108 3423 add.

94 3437 249 3494 Salmasius
320 3443 363 3494 23.
383 3437 473 3506 adque
493 3439 534 3494 A¹
552 3440 638 3509 atque
657 3441 699 3495 Α2
770 3446 813 3496 26.
833 3438 966 3493 alendum
984 3438 1049 3494 add.
1068 3437 1110 3492 A²

166 3514 211 3563 2⁵1.
229 3508 451 3578 crocodillosque
470 3511 498 3563 A
571 3517 613 3566 31.
633 3512 761 3567 umentes
779 3511 821 3566 A¹
838 3511 986 3566 humentes
1004 3508 1047 3563 A¹
