2378 3930
388 146 588 190 scelerosus
605 146 771 190 nominoe.

318 333 357 381 De
380 331 479 382 Volusii
498 331 630 381 Maeuiani
646 308 833 382 distributione.

180 437 211 493 L.
229 437 358 494 Volusius
373 436 540 508 Maecianus,
563 454 648 510 eques
666 437 818 508 Romanus,
835 439 903 495 iuris
919 440 1032 496 scientia
1050 431 1102 490 lib

116 522 322 593 nobilissimus,
349 521 381 577 bi.
404 521 508 577 Aurelii
534 529 714 596 praeceptor,
741 521 787 594 qui
811 521 972 580 interiectus
992 533 1034 580 est
1077 512 1083 523 ’

117 606 295 663 Alexandriae
315 625 338 663 a.
355 604 463 662 CLXXV
479 606 541 680 plus
563 608 703 678 sexaginta
719 621 804 662 annos
820 616 900 664 natus
909 602 944 678 ¹),
969 610 1034 665 scri·

116 692 174 765 psit
194 700 221 748 et
241 691 432 764 quaestionum
449 691 481 746 de
499 690 559 746 fidei
577 693 729 747 commissis
745 689 831 747 libros
848 692 901 747 XVl
918 700 945 748 et
962 691 1034 749 hunc

116 777 270 832 breviorem
293 775 516 831 commentarium
543 776 576 833 de
599 777 668 831 assis
691 774 895 832 distributione.
937 774 1035 843 Quam·

115 878 199 934 quarn
221 861 280 934 ipse
306 876 362 917 non
384 857 464 915 Assis
490 859 658 916 distributio
684 860 823 933 inscripsit
848 860 959 931 libello,
986 862 1033 917 sed

117 944 242 1018 pleniore
264 944 344 1001 titulo
361 943 536 1001 Distributio
559 949 627 1002 item
647 945 790 1000 uocabulo
806 962 843 1000 uc
859 953 947 1000 notos
959 962 1034 1016 pur·

83 1044 96 1053 ·
118 1035 188 1086 tium
204 1036 235 1085 iu
246 1029 331 1085 rebus
344 1045 418 1102 quoe
431 1038 565 1086 coustant
578 1030 709 1102 pondere
722 1046 843 1086 numero
855 1027 1034 1102 mensuro²);

117 1122 287 1188 quapropter
308 1114 387 1171 nobis
408 1114 527 1171 breviter
548 1116 718 1172 distributio
739 1132 770 1172 ea
791 1114 949 1188 appellanda
973 1132 1034 1171 esse

122 1199 236 1256 ridetur.

182 1283 297 1357 Scripsit
313 1285 383 1340 lrunc
400 1287 622 1341 commentarium
635 1285 786 1342 Maecianus
802 1284 834 1339 ad
849 1283 882 1339 bl.
894 1283 1032 1340 Aurelium

117 1368 269 1438 Caesarem,
285 1386 364 1442 quem
382 1376 438 1424 tum
455 1369 522 1425 iuris
538 1369 681 1443 disciplina
697 1368 873 1438 instituebat,
890 1385 962 1425 anno
978 1368 1034 1424 iere

115 1447 248 1523 excitu.
281 1453 338 1522 Qua
355 1455 382 1509 in
398 1470 440 1533 re²
457 1461 486 1510 ut
501 1455 560 1527 ipsc
577 1454 657 1527 plane
673 1462 700 1511 et
715 1462 808 1527 aperte
823 1453 992 1509 demonstrat
1006 1456 1033 1508 in

117 1536 302 1609 praefatione,
321 1537 348 1592 id
366 1539 433 1611 egit,
449 1555 483 1593 nc
499 1540 568 1594 assis
584 1539 742 1595 distributio
761 1547 789 1593 et
805 1539 831 1593 in
846 1538 975 1594 heredum
994 1539 1035 1592 in·

117 1623 262 1678 stitutione
285 1631 312 1677 et
333 1624 360 1677 in
381 1623 440 1678 aliis
461 1623 554 1679 multis
576 1623 658 1679 rebus
675 1624 829 1679 necessaria
850 1624 944 1696 ignota
961 1630 1034 1678 esset

116 1705 236 1785 Caesari.
265 1707 385 1763 Primum
406 1708 490 1780 igitur
506 1724 612 1764 omnem
629 1709 715 1782 ipsius
731 1709 799 1764 assis
815 1707 975 1763 divisionem
991 1722 1034 1761 ac·

116 1799 211 1846 curate
232 1795 342 1866 exponit
361 1800 507 1865 partesque
522 1794 594 1849 inter
608 1810 637 1848 se
653 1800 793 1865 corrsparat
808 1788 951 1866 (1-43)‚
977 1799 1033 1846 turn

118 1879 250 1947 pecuniae
269 1879 390 1950 signatae
407 1894 452 1940 eas
469 1877 666 1950 appellationes
682 1877 860 1949 persequitur
880 1892 948 1948 quae
964 1874 1034 1929 reie-

117 1967 216 2015 runtur
237 1961 270 2016 ad
293 1978 396 2028 assem,
419 1978 451 2015 ex
473 1978 528 2032 quo
550 1962 638 2016 omnis
653 1976 779 2015 nummus
795 1965 943 2030 argenteus
958 1966 1035 2031 potc-

116 2051 215 2098 statem
240 2043 339 2099 babeat
360 2044 430 2116 (44).
475 2046 512 2098 Ac
534 2060 597 2099 vero
621 2045 672 2099 hac
693 2043 725 2099 de
747 2050 824 2115 parte
846 2040 1034 2097 commentarii

117 2128 210 2199 paullo
230 2128 312 2183 latins
331 2128 466 2202 explicare
481 2144 594 2184 necesse
611 2136 662 2184 est.

181 2211 300 2267 Primum
316 2212 396 2268 docet
411 2214 530 2286 scriptor
542 2207 687 2287 (48-62)
705 2211 854 2280 denarium,
873 2218 1034 2284 argenteum

117 2312 272 2365 nummum,
299 2299 345 2370 qui
362 2297 415 2353 XVi
431 2315 506 2354 asses
527 2297 639 2368 lrabeat,
662 2299 751 2370 ipsum
767 2297 835 2352 assis
852 2297 938 2351 instar
953 2295 1034 2350 dividi

117 2396 210 2453 posse.
239 2381 318 2449 Quod
330 2399 380 2438 nos
396 2381 523 2439 facillime
540 2384 576 2438 ita
593 2381 797 2456 explicabimus
812 2389 843 2436 ut
859 2397 920 2436 eunt
936 2396 1035 2449 assem,

56 2608 60 2615 .
187 2563 211 2626 1)
231 2565 312 2614 Haec
331 2564 422 2615 omnia
442 2565 554 2630 egregie
567 2565 693 2630 exposuit
704 2565 890 2614 Mommsenus
909 2563 937 2611 in
955 2577 1035 2627 prae·

117 2630 223 2681 satione
243 2632 278 2681 ud
296 2632 404 2682 Volusii
421 2633 563 2683 Maeciani
581 2633 803 2683 distributionem
827 2629 968 2693 (Abdoudt.
988 2631 1036 2679 der

117 2696 209 2748 Sriclrs.
229 2699 364 2750 Gerellsclr.
383 2701 431 2750 der
448 2701 603 2753 Wisssnscd.
623 2701 675 2753 Bd.
690 2699 750 2749 III.
770 2700 840 2749 1853
854 2714 882 2761 p.
895 2697 1035 2761 281-85).

185 2764 213 2828 2)
238 2767 319 2818 Hono
342 2768 551 2832 inscriptionem
575 2783 643 2831 quae
667 2768 696 2816 in
719 2766 798 2816 libris
817 2768 908 2815 exstat
925 2769 1037 2814 tuentur

117 2833 204 2898 ipsius
226 2833 367 2885 Maeuiani
391 2835 490 2886 verba:
513 2852 567 2885 curu
589 2842 681 2899 partes
702 2836 774 2898 ipsos
796 2839 845 2882 tum
867 2831 988 2882 uocabulo
1011 2838 1036 2881 et

117 2907 192 2951 notos
207 2904 393 2967 proponendus
416 2905 574 2960 suistimooi;
597 2910 624 2952 et
640 2902 818 2967 deprehendes
836 2900 1037 2950 distributionem

117 2970 216 3033 quidem
230 2974 344 3034 portium
361 2973 496 3034 infinitum,
515 2973 611 3035 oppido
630 2978 711 3020 autern
724 2985 797 3035 quom
808 2970 904 3033 exiguo
915 2967 1037 3018 uocabulo

116 3042 143 3085 et
166 3042 249 3090 notus.
288 3037 367 3088 Unde
399 3043 517 3103 apparet
546 3041 612 3088 ossis
641 3038 799 3097 distributio,
830 3035 901 3101 quod
930 3035 1038 3101 placuit

116 3102 286 3169 Biickingio‚
315 3107 428 3171 probari
458 3120 512 3155 non
530 3120 626 3170 posse.
663 3106 733 3155 Tum
757 3103 903 3154 distributio
923 3106 1036 3168 partium

117 3173 252 3235 praetulit
264 3172 456 3224 Mommsenus.
493 3172 548 3223 Sed
565 3172 632 3221 mihi
651 3178 700 3223 ant
717 3171 815 3237 plenus
833 3169 930 3220 titulus
949 3172 1037 3221 distri·
1133 3204 1137 3209 -

116 3238 184 3288 butio
208 3242 266 3289 item
289 3241 411 3292 uocabulo
433 3256 464 3290 oc
487 3248 563 3291 notos
582 3242 695 3305 portium
718 3245 772 3290 cet.
791 3238 956 3304 repetendus
976 3252 1037 3288 esse

119 3305 228 3356 videtur
246 3334 278 3343 —
301 3309 349 3358 ubi
372 3309 467 3358 nescio
492 3324 527 3358 un
549 3310 608 3358 item
630 3308 800 3359 inculcatum
824 3308 860 3357 sii
884 3306 918 3357 ab
944 3306 1037 3369 aliquo

116 3370 283 3424 librario-
303 3381 351 3425 aut
368 3377 491 3426 breviter
514 3376 658 3427 distributio
683 3377 780 3426 eadem
803 3375 936 3438 dicendo,
966 3375 1039 3422 sicut

116 3439 186 3490 tecit
205 3441 368 3493 Gronovius.

144 3508 148 3515 '
180 3508 208 3570 3)
230 3509 296 3560 Vide
314 3512 481 3568 Mommsen.
499 3532 528 3586 p.
548 3516 598 3571 tet
618 3515 672 3570 ab.
703 3526 706 3531 '

135 3602 245 3648 scurra.
264 3611 395 3654 uranon.
417 3617 454 3658 11.
925 3591 955 3652 ἣ·
