2378 3930
98 188 142 255 30
458 184 756 241 urrucurmrcis

97 333 134 398 in
155 336 325 416 poctarum
347 331 476 396 fabellis
500 331 566 396 suis
589 330 749 396 delectata
770 330 824 395 nel
847 334 947 415 capta
970 331 1012 395 ad
1034 353 1116 396 erro

97 444 170 487 rum
198 421 237 485 de
265 420 376 486 multis
404 419 466 484 diis
494 441 607 504 rapere
634 441 843 503 consensum,
871 442 945 484 oum
972 421 1115 504 philoso-

97 511 235 596 phorum
255 531 387 575 suorum
406 508 577 574 sententiis
595 508 771 592 refellatur,
789 508 907 593 quibus
924 513 959 572 et
977 510 1115 574 rationis

61 618 78 668 6
97 602 131 664 et
145 599 318 665 uetustatis
337 597 470 662 adsistit
487 598 672 663 auctoritas.
698 597 875 662 maioribus
890 599 979 662 enim
993 599 1115 663 nostris

97 692 166 753 tam
185 687 292 752 facilis
315 689 351 752 in
373 686 548 751 mendaciis
570 685 651 751 fides
673 685 745 771 fuit,
768 691 806 751 ut
827 689 949 750 temere
971 686 1147 752 credide-s

97 778 166 842 rint
187 781 220 841 et
242 775 396 841 animalia
419 779 637 856 monstruose,
659 796 751 840 mera
773 776 947 841 miracula:
972 773 1115 860 Scyllam

97 865 319 949 multiplicem,
343 863 548 930 Chimaeram
571 864 806 929 multiformem
824 868 859 928 et
876 863 1027 949 Hydram
1046 864 1114 929 feli·

97 954 189 1020 cibus
211 953 401 1019 uulneribus
424 956 646 1018 renascentem
669 956 703 1017 et
722 951 903 1018 Centauros
922 975 1025 1039 equos
1049 952 1114 1018 suis

100 1043 289 1108 hominibus
317 1041 480 1126 inplexos3
507 1045 540 1105 et
563 1041 714 1126 quicquid
743 1041 850 1107 famae
876 1042 956 1106 licet
982 1042 1113 1128 fingere,

62 1151 78 1199 4
97 1132 164 1196 illis
187 1135 257 1197 erat
279 1131 421 1196 libenter
443 1129 562 1197 audire.
598 1131 676 1214 quid
695 1130 770 1196 illas
790 1131 892 1195 aniles
910 1130 1052 1214 fabulas,
1076 1131 1149 1195 6010

97 1221 287 1285 hominibus
314 1241 391 1284 aues
415 1223 448 1282 et
470 1219 555 1283 feras
580 1219 683 1299 factas
704 1239 779 1303 esse,
806 1220 911 1284 stellas
932 1225 963 1284 et
987 1220 1112 1302 lapides,

98 1309 230 1374 arbores
263 1313 360 1391 atque
392 1306 511 1372 flores?
544 1329 627 1392 quae
655 1309 683 1372 si
711 1312 821 1373 esseut
848 1308 951 1391 facta,
983 1308 1112 1392 fierent3

62 1398 172 1482 cquis
193 1397 265 1460 fieri
288 1417 355 1460 non
377 1401 528 1479 possunt,
552 1396 624 1461 ideo
648 1417 708 1461 nec
730 1396 818 1461 facta
841 1401 926 1462 sunt
965 1397 1113 1461 similiter

96 1506 173 1550 uero
196 1485 313 1550 heroas
338 1505 376 1548 ac
399 1484 476 1549 deos
501 1506 628 1569 quoque
652 1485 920 1551 maiores'nostri
942 1486 1112 1570 inprouida

43 1600 46 1605 ¹
96 1573 232 1656 creduli,
259 1577 310 1638 set
336 1572 408 1638 rudi
437 1573 646 1658 simplicitate
674 1573 890 1640 crediderunt:
920 1574 997 1639 dum
1021 1596 1111 1661 reges
1125 1591 1147 1633 16

97 1684 172 1728 suos
197 1663 308 1727 colunt
326 1661 490 1748 religiose,
513 1663 589 1727 dum
609 1662 780 1728 defunctos
799 1685 853 1729 eos
873 1663 1061 1743 desiderant
1077 1664 1111 1728 iu

95 1751 293 1836 imaginibus
320 1750 442 1830 uidere,
471 1749 547 1816 dum
576 1752 723 1836 gestiunt
745 1774 857 1818 eorum
879 1751 1057 1817 memorias
1079 1753 1113 1817 iu

97 1842 216 1905 statuis
249 1840 408 1924 detincre,
439 1861 531 1905 sacra
562 1840 650 1905 facta
682 1845 758 1904 sunt
788 1862 872 1925 quae
899 1842 1032 1905 fuerant
1059 1841 1112 1905 ad·

62 1947 78 1995 6
98 1933 229 2012 sumpta
248 1929 379 1994 solacia.
408 1928 545 2014 denique
563 1933 596 1993 et
615 1932 788 2018 antequam
807 1929 1009 1995 commerciis
1026 1930 1112 1994 orbis

97 2022 225 2103 pateret
239 2024 272 2083 et
287 2022 462 2101 antequam
480 2022 595 2103 gentes
614 2020 696 2082 ritus
716 2040 791 2083 suos
810 2039 980 2102 moresque
999 2018 1110 2083 misce·
1125 2036 1146 2075 2⁰

96 2114 183 2189 rent,
211 2129 422 2192 unaquaeque
450 2108 540 2172 natio
569 2107 769 2171 conditorem
797 2129 890 2172 suum
919 2112 976 2172 aut
999 2106 1111 2173 ducem

96 2197 254 2281 inclytum
282 2201 339 2260 aut
366 2196 512 2280 reginam
540 2197 691 2279 pudicam
720 2217 837 2261 sexuue
862 2218 919 2261 suo
943 2196 1112 2261 fortiorem

97 2289 153 2349 aut
176 2287 311 2350 alicuius
336 2285 481 2349 muneris
504 2286 556 2349 uel
579 2286 658 2350 artis
677 2288 876 2368 repertorem
894 2286 1113 2349 uenerebatur

97 2376 153 2437 aut
172 2374 274 2437 ciuem
294 2374 398 2437 bonae
417 2373 610 2438 memoriae:
634 2375 681 2439 sic
700 2376 733 2437 et
752 2373 912 2438 defunctis
930 2375 1112 2458 praemium

43 2459 86 2525 21
97 2465 129 2524 et
148 2461 267 2525 futuris
283 2460 421 2524 dabatur
436 2463 628 2546 exemplum.
654 2465 725 2545 lege
740 2462 970 2527 historicorum
990 2464 1146 2546 scriptas

57 2701 64 2711 ‘
168 2694 181 2741 1
197 2687 225 2741 in
239 2689 388 2757 poetarum
401 2690 513 2758 scripsi:
527 2688 711 2757 inperitorum
726 2689 762 2760 ΡΗ
772 2695 822 2756 1,2
833 2688 869 2743 ad
884 2705 1007 2743 errorem
1022 2689 1113 2744 mutui

94 2775 192 2827 repere
203 2775 354 2814 consensus
364 2766 392 2828 P,
403 2763 510 2815 corrcsi
519 2761 615 2829 (supra
625 2776 656 2828 p.
667 2759 754 2829 XXX)
765 2772 773 2829 ξς
784 2765 808 2829 6,
819 2766 835 2814 6
846 2760 1016 2814 crediderint
1026 2761 1112 2815 etiam

94 2829 152 2883 alie
170 2832 347 2885 monstruosa
364 2836 384 2882 P
403 2832 489 2885 etiam
507 2831 579 2886 telis,
597 2830 735 2886 Vouclcius
753 2832 839 2885 etiem
858 2831 993 2885 animalia
1013 2831 1111 2886 Oorue-

94 2901 219 2965 lisseuus,
237 2918 287 2955 reos
306 2903 336 2954 et
354 2901 440 2956 a‘rslia
457 2903 570 2968 fecimus
588 2920 621 2957 err
641 2902 756 2957 ctiaalia
770 2904 811 2972 (et
825 2928 858 2948 =
872 2903 964 2971 uum)
979 2904 989 2970 l
1003 2908 1018 2956 6
1034 2919 1112 2956 mera

96 2971 236 3026 Orthrus:
257 2972 328 3026 mira
346 2978 374 3040 P,
393 2973 519 3028 deleted.
535 2976 604 3043 pru
624 2981 639 3028 7
658 2974 812 3028 chimeram
831 2979 849 3025 P
867 2978 870 3038 Ι
890 2973 1026 3028 feralibus
1051 2973 1110 3027 Use-

94 3059 175 3098 uerus
193 3041 335 3096 fertilibus
350 3044 465 3113 Maetlp
478 3044 488 3112 ΙΙ
504 3050 535 3097 11
554 3045 644 3099 factas
659 3062 719 3099 esse
734 3046 831 3099 stellas
847 3047 876 3098 et
889 3045 998 3113 lapides
1011 3045 1111 3114 scripsi

94 3116 191 3183 (supra
209 3115 226 3168 l.
247 3114 289 3182 l.):
307 3114 436 3168 homines
456 3116 485 3168 et
503 3115 537 3169 de
556 3116 716 3171 hominibus
732 3122 752 3167 P
771 3134 804 3171 eu
821 3118 910 3186 plesse
923 3117 933 3184 ΙΙ
948 3122 982 3169 13
1000 3133 1057 3170 non
1075 3133 1109 3171 m.

95 3190 111 3238 1
130 3202 150 3239 s.
171 3185 188 3239 l.
202 3190 222 3236 P
235 3186 245 3254 u
261 3190 293 3237 14
312 3201 378 3238 uero
397 3186 498 3240 heroas
516 3203 549 3240 sc
563 3188 630 3241 deos
643 3189 743 3256 scripsi
748 3210 756 3242 :
775 3205 808 3242 ac
821 3202 889 3241 uero
904 3202 971 3256 erga
985 3187 1053 3240 deos
1069 3191 1089 3238 P
1104 3186 1107 3256 l

93 3254 273 3397 {utilit
278 3257 1111 3399 6663·staturatisurrupticium

93 3404 118 3453 et
134 3399 218 3470 politi
231 3403 257 3453 ct
274 3399 446 3468 turpioribus
461 3401 494 3453 de
507 3403 607 3468 cauus)
621 3401 631 3469 l
646 3406 679 3455 18
693 3403 788 3456 malim
801 3400 921 3455 retinere
935 3402 945 3468 ΙΙ
958 3404 992 3453 22
1008 3371 1110 3453 reisue

92 3470 292 3525 Heumurruus:
311 3487 377 3525 sexu
395 3475 415 3522 P
432 3471 442 3539 11
461 3475 495 3523 24
514 3475 564 3525 eut
582 3471 672 3524 ciuem
695 3471 841 3527 Useucrus:
861 3472 893 3524 ut
912 3471 1001 3524 ciuem
1021 3475 1053 3536 P3
1073 3486 1111 3523 uu

93 3544 125 3595 ut
144 3541 220 3597 ciues
236 3541 251 3594 ,9
266 3545 274 3612 l
289 3548 322 3596 25
341 3542 536 3597 historicorum
551 3543 584 3596 P.
599 3543 704 3598 Dauicl
720 3549 746 3597 et
764 3544 896 3599 Ursinus:
916 3541 1069 3595 stoicorum
1082 3547 1109 3593 P.
