2378 3930
321 199 521 244 oonrrronns
539 200 701 245 nouenos.
925 178 966 243 37

52 337 165 393 demum
180 338 322 409 ingressus
337 346 379 394 est
394 334 565 410 Christius²).
600 337 652 394 Sed
667 337 748 395 nohis
762 354 793 395 ea
808 354 852 394 res
868 339 907 394 ita
922 354 968 395 en-

52 421 183 496 ponenda·
204 438 264 478 esse
286 423 408 493 videtur,
431 431 539 479 utnon
561 422 650 480 solum
670 423 791 478 rationes
811 440 826 478 a
848 421 967 479 Christio

54 507 231 564 concinnatas
249 509 359 581 egregie
374 507 447 563 inter
461 523 490 563 sc
506 506 650 565 convenire
665 507 897 575 demonstremus,
919 508 966 563 sed

53 592 135 646 etiam
159 591 262 646 nuliam
290 593 400 649 omnino
429 591 507 648 aiiam
528 594 661 649 rationem
682 608 743 648 esse
765 593 966 663 convincamus,

54 692 107 749 qua
122 683 196 732 recte
214 675 281 732 haec
297 674 388 732 tabula
403 676 531 750 explicari
546 677 646 751 possit,

138 760 234 816 Librae
249 768 341 834 partes
357 763 395 816 ita
410 761 562 835 descriptae
577 769 651 832 sunt,
668 769 699 816 ut
714 760 820 818 duobus
836 760 906 817 locis
921 760 968 817 ubi

53 846 160 900 numeri
183 845 279 900 leviter
299 848 422 919 corrupti
438 847 611 902 inveniuntur
626 864 687 903 vera
703 846 773 903 ratio
790 852 888 920 sponte
904 860 969 919 pro-

53 929 123 984 deat.
170 929 198 984 io
221 930 314 985 talenti
336 938 426 986 autem
452 932 596 1005 minaeque
617 930 805 987 aestimatione
826 938 854 986 et
874 929 969 1003 plnres

53 1014 159 1069 numeri
181 1014 254 1088 iiqne
274 1016 382 1087 gravius
399 1015 551 1088 depravati,
574 1033 624 1073 nec
645 1016 678 1072 de
698 1016 759 1089 ipso
780 1015 968 1071 drachmarum

53 1114 167 1155 numero
195 1099 241 1172 qui
270 1100 413 1156 conveniat
439 1102 528 1156 minae
555 1117 585 1157 ao
612 1098 713 1157 talento
739 1108 856 1157 constat.
893 1098 968 1168 Quae

56 1183 108 1238 iam
124 1183 164 1238 sic
179 1186 251 1239 inter
265 1201 294 1240 se
311 1200 509 1258 comparemus,
525 1194 555 1241 ut
572 1193 639 1258 quot
655 1184 797 1241 drachmae
813 1200 845 1240 ex
860 1197 968 1257 quaque

57 1267 164 1325 tabulae
183 1277 261 1342 parte
276 1270 304 1324 in
319 1269 418 1325 minam
440 1269 597 1326 referendae
618 1272 673 1326 sint
692 1269 837 1325 videamus.
876 1267 970 1325 Tradit

55 1353 175 1426 scriptor
190 1353 290 1409 codicis
307 1353 448 1409 Bohiensis
464 1354 596 1411 talentum
612 1354 711 1412 habere

139 1437 221 1493 iihras
354 1438 405 1506 88,
423 1455 488 1512 orgo
504 1441 601 1495 minam
618 1440 757 1496 drachmas
774 1433 856 1514 140}

140 1524 231 1579 tancies
332 1521 393 1579 468
439 1555 477 1564 -
528 1554 571 1564 -
662 1553 704 1563 -
794 1518 857 1599 62}

141 1616 255 1662 stateres
313 1606 392 1663 1935
436 1640 479 1650 —
528 1640 571 1649 —
662 1639 704 1647 —
774 1605 835 1663 129

140 1692 264 1765 dragmas
311 1690 394 1748 7340
436 1723 478 1734 —
528 1722 572 1735 —-
661 1723 703 1732 -
774 1686 857 1769 122}

140 1775 391 1850 scripulos23220
434 1807 474 1818 —
530 1808 568 1818 -
661 1808 702 1818 -
776 1775 836 1832 129

58 1876 61 1883 ’
141 1862 237 1918 obolos
285 1859 391 1918 45440
433 1894 475 1903 -
527 1894 568 1904 -
660 1891 702 1901 -
774 1857 857 1938 126}

140 1947 252 2020 siliquas
289 1944 394 2003 92880
436 1978 478 1988 -
531 1977 573 1989 -
665 1976 707 1984 -
775 1944 834 2000 129

55 2036 112 2084 tuni
130 2030 200 2084 idem
215 2030 281 2086 dicit
295 2031 394 2084 minam
409 2032 507 2087 hahere
804 2078 806 2083 .

140 2113 235 2169 librani
254 2117 269 2169 1
288 2115 382 2170 uncias
397 2114 417 2170 4
433 2116 472 2171 dr.
488 2115 515 2184 1,
532 2118 549 2170 1.
561 2131 584 2170 1.
598 2114 738 2170 drachmas
756 2111 816 2169 129

142 2205 257 2254 stateres
274 2196 314 2253 22
334 2198 472 2274 dragmam
491 2201 506 2256 1
529 2232 572 2244 -
660 2228 696 2240 ·-
776 2197 816 2255 89

141 2281 266 2356 dragmas
283 2282 342 2339 199
399 2327 405 2340 .
451 2329 457 2341 .
504 2316 570 2342 .—
657 2315 696 2323 -
756 2282 815 2340 199
882 2352 884 2357 Ι

143 2367 278 2441 scripulos
297 2367 358 2425 387
398 2411 405 2424 .
450 2413 456 2425 .
503 2401 566 2425 .-
658 2402 694 2414 -
755 2367 824 2425 129.

119 2476 173 2532 Iam
187 2477 255 2535 hanc
269 2479 386 2535 tabulam
402 2483 425 2536 si
441 2482 528 2538 oculis
544 2481 757 2552 collustraveris‚
773 2487 871 2553 sponte
886 2496 968 2553 appa-

55 2560 127 2617 111111
147 2578 194 2619 111
211 2579 341 2620 numeros
356 2567 383 2621 in
400 2566 493 2623 codice
510 2568 634 2639 integros
650 2582 728 2635 esse,
753 2582 785 2621 en
802 2563 901 2637 quihus
919 2580 969 2637 par

55 2645 242 2702 drachmarum
263 2665 367 2705 summa
389 2651 421 2706 ad
444 2652 543 2707 minam
564 2651 671 2706 redacta
692 2650 807 2705 oriatur.
846 2647 969 2703 Redeunt

56 2738 147 2787 antem
163 2730 308 2805 quinquies
322 2734 464 2791 drachmae
474 2734 572 2791 cxxix
585 2751 616 2790 ex
632 2734 745 2789 diversis
759 2733 880 2788 numeris
896 2747 970 2787 com·

55 2822 179 2888 putatae3
210 2832 275 2887 ergo
297 2818 414 2875 efficitur
433 2819 505 2876 irnnc
524 2836 608 2875 unum
630 2834 723 2874 verum
743 2833 886 2874 numerum
908 2832 968 2872 esse

56 2899 242 2956 drachmarum
257 2918 327 2972 quae
342 2903 370 2958 in
386 2904 484 2959 minant
500 2905 658 2972 incurrunt,
674 2902 796 2975 reliquos
811 2910 902 2957 autem
919 2918 970 2957 nu·

55 2999 145 3040 meros
167 2993 313 3058 corruptos
324 3004 360 3052 ,11
379 2987 429 3044 hac
445 2988 563 3061 genuina
578 2989 684 3042 ratione
704 2986 882 3060 corrigendos
898 3001 968 3042 esse.

56 3068 124 3125 ilinc
138 3068 271 3125 Christius
288 3088 377 3127 veram
392 3074 556 3146 scripturam
572 3065 737 3144 restituit³)‚
760 3087 839 3144 quam
854 3088 904 3127 nos
918 3072 968 3128 hac

56 3152 147 3209 tabula
164 3153 252 3210 oculis
266 3155 459 3230 proponimus:

124 3369 151 3432 2)
169 3370 201 3420 V.
221 3372 411 3422 commentarii
429 3371 483 3424 vol.
501 3372 515 3421 I
537 3389 563 3436 p.
582 3373 615 3421 67
635 3371 696 3421 adn.
715 3373 732 3422 5
750 3372 830 3422 citati
848 3388 875 3436 p.
893 3372 926 3420 64
943 3384 965 3422 a.

124 3437 153 3499 3)
171 3438 299 3487 Erratum
318 3440 400 3489 estin
417 3454 472 3490 nno
489 3455 601 3491 numero
614 3439 781 3506 siiiqnarum
791 3440 976 3504 11111111,-

49 3503 155 3552 Icntom
171 3504 324 3568 incurrunt,
344 3508 393 3560 ubi
405 3508 472 3562 xcl
484 3508 567 3563 milia
582 3509 720 3581 leguntur
738 3525 792 3577 pro
804 3505 906 3564 mh,
919 3503 999 3552 iffi

39 3573 119 3618 recte
136 3569 224 3621 hahet
242 3575 340 3627 codex.
