2378 3930
353 187 523 244 EDITORIS
542 187 758 247 PRAEFATIO.
996 192 1062 250 XXI

116 333 192 399 ibid.
210 333 297 400 uallo
315 335 434 418 artifice
451 355 504 400 uec
521 336 621 400 iudces
637 355 691 400 uec
709 340 841 401 neure.
871 336 972 402 libere
987 360 1062 404 con·

48 423 133 489 fess'r
151 427 227 487 sunt
249 423 431 508 complures
455 424 554 503 docti,
582 445 617 488 se
640 445 706 489 non
728 424 848 489 habere
872 448 935 511 quo
960 428 1063 512 expli·

49 517 161 577 carent
175 510 311 578 ‘iudice'.
348 534 452 598 neque
474 533 534 598 ego
553 512 668 578 habeo.
703 534 779 577 nam
798 511 988 600 Lindncrns,
1006 517 1062 600 qui

49 603 178 666 conlato
207 600 315 666 Ouidii
347 603 418 668 loco
451 598 541 688 (met.
568 599 666 685 119)
699 601 836 667 iudicem
868 607 964 687 putat
992 626 1062 670 esse

49 689 144 755 deum
164 690 220 774 qui
240 690 331 754 litem
350 690 583 755 elementorum
602 690 744 775 dirimat,
762 691 908 777 neglexit
925 692 978 758 hic
996 715 1063 758 non

49 780 103 865 agi
128 780 166 843 de
190 777 309 862 ordine,
332 779 366 843 in
390 800 486 863 quem
509 777 673 863 indigesta
696 782 773 844 sunt
794 779 984 866 redigenda,
1007 781 1064 848 aed

49 866 88 932 de
102 867 319 933 dissoluendis
333 889 415 953 quae
430 866 581 932 ordinata
596 870 681 951 sunt,
704 869 816 953 quain
831 891 865 934 re
880 870 985 935 iudice
998 892 1064 937 non

50 957 94 1022 sit
120 978 211 1042 opus.
257 978 453 1042 quamquam
480 977 540 1022 nec
562 957 625 1021 hoc
647 957 823 1043 perspicio,
852 957 1007 1042 quidnam
1030 960 1064 1024 in

51 1046 143 1111 uerbi
165 1044 295 1111 traditis
320 1045 383 1110 sibi
405 1045 488 1110 uelit
511 1045 637 1111 artifex.
674 1045 727 1111 hic
750 1046 836 1111 enim
855 1047 890 1111 in
909 1046 1066 1133 faciendo,

50 1157 116 1200 non
140 1135 173 1199 in
197 1135 404 1200 dissoluendo
427 1135 577 1201 cernitur.
614 1135 730 1219 scripsi
751 1134 853 1200 ‘nullo
873 1136 996 1201 artifice
1015 1157 1064 1202 re·

51 1227 171 1289 nuente
194 1221 279 1310 (siue
298 1222 517 1310 ‘reluctante')
535 1244 596 1289 nec
614 1221 768 1290 auctore'.
803 1245 869 1289 non
888 1225 957 1290 sine
977 1247 1064 1292 acer·

50 1313 155 1378 bitate
169 1316 280 1378 monet
293 1311 463 1397 ancilius,
477 1315 614 1379 naturae
627 1312 820 1378 necessitate
836 1314 945 1378 omnia
957 1315 1065 1399 perire

50 1423 154 1487 neque
173 1401 285 1467 adesse
302 1402 397 1466 deum
411 1402 503 1466 illum
517 1405 683 1467 auctorem
698 1405 796 1487 atque
808 1401 1065 1468 machinatorem

51 1490 86 1575 (ἓ
108 1488 152 1576 7),
176 1489 231 1573 qui
254 1489 300 1553 sic
323 1490 358 1553 in
380 1511 462 1574 opus
486 1512 581 1555 suum
605 1490 725 1554 saeuiri
747 1493 846 1555 uetet.

119 1600 145 1643 c.
170 1576 239 1662 5‚9
262 1578 357 1643 isdem
380 1577 550 1642 lubentibus
645 1578 816 1660 mundinas
837 1579 995 1661 iuuepurc
1016 1579 1067 1645 uel

51 1668 166 1733 cimbis
184 1666 405 1732 conlidentibus
423 1667 562 1731 waltrat
577 1667 705 1749 mamre.
738 1688 835 1732 sensu
849 1688 957 1731 carere
972 1666 1065 1732 ‘nim-

51 1755 115 1822 bis'
145 1756 384 1821 concedendum
413 1759 463 1820 est
486 1753 612 1820 chbic
637 1754 673 1834 [l.
695 1755 715 1820 l.
739 1776 770 1838 p.
793 1754 884 1836 615J,
911 1756 967 1840 qui
990 1754 1066 1820 ‘nel'

54 1847 123 1910 siue
146 1865 244 1910 causa
267 1843 475 1930 suspectauit.
516 1865 711 1928 quamquam
735 1843 839 1908 maior
862 1843 960 1908 etiam
984 1843 1067 1908 diffi-

54 1935 158 2000 cultas
186 1934 272 1998 inest
300 1934 349 1997 illi
377 1931 651 2016 ‘conlidentibus',
679 1931 765 2018 quod
790 1932 874 1997 male
896 1953 956 2015 pro
981 1930 1066 1997 ‘con-

53 2021 137 2088 lisis'
157 2022 318 2107 accipiunt
336 2021 454 2108 (neque
473 2021 559 2086 enim
577 2020 630 2086 hic
650 2021 780 2106 quidem
793 2020 968 2104 probamus
983 2042 1065 2105 quae
1123 2054 1128 2065 ·

53 2112 220 2178 Usenerus
242 2111 423 2196 disputanit
441 2111 476 2174 in
493 2109 652 2175 Fleckeis.
672 2110 778 2175 annal
797 2132 825 2175 a
845 2109 931 2174 1878
950 2132 981 2194 p.
1000 2107 1068 2194 56).

54 2201 192 2285 protulit
206 2203 315 2264 antem
324 2198 470 2265 Kochius
485 2199 571 2284 quod
586 2199 627 2264 ab
642 2199 731 2263 omni
745 2199 826 2263 artis
836 2197 1067 2281 probabilitate

54 2291 152 2374 longe
169 2288 300 2354 recedit.
336 2289 408 2373 lege
427 2286 492 2353 ‘uel
510 2288 640 2354 nimbos
659 2285 919 2370 conlidentibus',
937 2286 999 2352 hoc
1018 2290 1069 2352 est

56 2377 230 2443 secundum
253 2376 380 2442 dicendi
403 2398 506 2463 genua
529 2375 637 2463 poetis
659 2375 830 2450 usitatum:
853 2375 907 2440 uel
926 2375 1067 2441 nubibus

56 2466 249 2533 conlidendo
268 2467 396 2531 nimbos
416 2464 639 2531 efficientibus.
654 2503 696 2513 -
715 2464 822 2550 recepi
841 2468 949 2529 autem
962 2485 1069 2530 neces-

56 2557 175 2620 sariam
199 2553 387 2620 Heumanni
410 2558 626 2621 correcturum
649 2551 864 2638 ‘promicare'‚
887 2573 961 2618 cum
984 2553 1069 2617 inter

55 2644 188 2728 fulgura
216 2644 385 2708 rutilantia
413 2647 445 2708 et
471 2643 610 2708 fulmina
637 2643 842 2725 prosilientia
869 2641 1068 2726 distinguen-

56 2731 132 2795 dum
165 2732 217 2796 sit.
268 2732 352 2815 quod
384 2732 498 2796 deinde
531 2731 690 2795 subicitur
719 2727 832 2811 ‘adeo',
865 2730 905 2794 ad
933 2729 1069 2794 fulmina

59 2822 203 2904 spectare
228 2819 337 2902 aliquo
361 2819 457 2884 modo
481 2818 687 2883 indicandum
711 2822 769 2883 est.
812 2821 845 2882 et
869 2820 919 2882 est
941 2817 969 2882 is
991 2839 1071 2882 naus

56 2907 260 2972 Minucianus
287 2909 325 2972 ut
351 2906 466 2991 ‘adeo'‚
494 2907 552 2972 nbi
584 2928 651 2971 non
677 2928 736 2991 per
763 2905 945 2990 asyndeton
973 2907 1071 2990 expli-

59 2997 202 3061 catiuum
234 2994 433 3081 adiungitur,
467 2995 523 3060 sed
555 2996 588 3060 id
620 2996 707 3078 quod
733 2996 880 3078 proxime
908 2995 1072 3081 praecedit

58 3107 131 3150 cum
163 3085 196 3148 ui
228 3084 368 3166 quadam
395 3084 575 3165 continuat,
606 3083 756 3148 uoculam
784 3084 926 3167 aliquam
953 3083 1074 3147 habeat

58 3173 224 3256 comitem,
252 3175 289 3236 ut
316 3194 344 3239 c.
368 3174 402 3256 6,
425 3173 446 3237 2
470 3177 503 3236 et
525 3194 551 3238 c.
575 3173 608 3256 7,
632 3172 652 3237 6
676 3173 748 3238 iude
769 3174 844 3238 adeo
867 3170 925 3258 (=
949 3193 988 3236 ex
1010 3171 1072 3236 hac

57 3261 131 3346 ipsa
153 3259 213 3345 re).
229 3347 240 3377 ,
257 3261 344 3325 inter
374 3259 577 3346 ‘promicaref
606 3263 639 3326 et
662 3259 766 3327 ‘adeo’
789 3261 991 3327 intercidisse
1015 3282 1072 3344 ap·

59 3356 155 3434 paret
178 3349 250 3414 ‘ea.

126 3460 151 3503 c.
176 3438 210 3521 5,
237 3439 277 3503 13
304 3440 380 3503 adeo
407 3443 465 3504 aut
490 3439 608 3502 iacula
633 3438 723 3504 acbr's
749 3439 868 3502 maus
895 3437 1079 3500 occultatur.

53 3527 132 3589 licet
152 3527 275 3592 ueritas
292 3532 474 3617 propterea
493 3527 586 3616 quod
599 3527 702 3594 nobis
717 3517 1112 3598 occxbbaturnrxbecu'xsz
