2378 3930
277 190 279 194 ’
331 217 852 290 ofloaosa.1aro.11(so—oe)
1055 220 1097 285 15

79 379 195 465 procul
211 380 325 446 amari
340 377 422 465 Sais,
439 379 612 465 Memphis,
631 378 746 464 Syene,
763 379 919 447 Bubastis
936 381 1097 467 Elephan·

79 469 149 534 tine
181 472 216 533 at
242 467 373 534 Thebae
404 469 516 554 utique
547 489 626 551 qaue
654 472 691 534 ut
717 469 861 536 Homero
893 470 1016 537 dictum
1048 475 1098 537 est

80 561 212 623 centum
234 562 357 643 portas,
379 558 449 624 sive
467 562 505 623 ut
523 557 580 623 alii
598 559 691 623 aiunt
708 563 838 624 centum
857 559 948 624 aulas
966 559 1097 644 habent,

79 645 220 712 totidem
239 645 319 711 olim
337 645 520 731 principum
539 646 661 730 domos,
681 646 858 731 solitasque
877 647 1023 733 singulas
1043 649 1098 714 ubi

54 733 253 820 ansgotium
279 739 433 820 exegerat
465 735 548 801 dena
576 739 777 800 armatorum
803 735 896 800 milia
923 737 1099 820 effunder03

80 825 117 888 in
152 823 250 888 litore
280 823 481 890 Alexandria
512 823 644 889 Africae
680 825 896 903 contermina,
932 823 1098 890 Pelusium

80 912 235 978 Arabiae.
284 914 373 998 ipsas
404 934 477 979 oras
511 917 623 979 secant
650 909 863 999 Canopicum,
889 911 1099 998 Bolbitioum,

82 999 343 1086 Sebennyticum,
360 1002 611 1087 Pathmetioum,
629 1001 842 1087 Mendesium,
857 999 1098 1087 Cataptystum,

80 1088 287 1156 Pelusiacum
309 1090 381 1157 Nili
404 1091 499 1157 ostia.

42 1196 68 1237 1⁰
171 1179 297 1245 Arabia
317 1179 395 1246 hino
418 1180 460 1245 ad
481 1178 630 1245 Rubrum
653 1201 743 1247 mare
765 1180 921 1264 pertinet,
949 1178 1006 1243 sed
1028 1178 1098 1243 illic
1110 1157 1151 1284 169

80 1268 189 1352 magde
216 1268 304 1334 laeta
337 1272 370 1334 et
400 1268 500 1334 ditior
526 1273 599 1333 ture
632 1273 729 1352 atque
761 1267 914 1334 odoribus
946 1267 1099 1351 abundat,

80 1355 137 1421 hic
158 1356 224 1421 nisi
247 1379 311 1441 qua
334 1354 448 1422 Cassio
471 1360 582 1422 monte
606 1356 778 1423 adtollitur
799 1357 899 1441 plana
920 1358 954 1420 et
977 1355 1099 1422 sterilis

81 1448 216 1528 portum
239 1445 384 1511 admittit
406 1445 547 1510 Azotum
571 1467 702 1510 suarum
725 1445 881 1510 mercium
911 1445 1099 1528 emporium,

83 1555 149 1618 qua
170 1533 207 1598 in
229 1534 332 1600 altum
355 1533 426 1599 abit
448 1533 529 1600 adeo
553 1532 641 1599 edita
662 1537 701 1598 ut
724 1554 764 1598 ex
786 1554 912 1599 summo
936 1533 1057 1598 vertice
1080 1554 1100 1597 a

42 1636 68 1678 1⁵
84 1626 202 1707 quarta
224 1622 340 1708 vigilia
363 1625 473 1687 ortum
496 1622 576 1687 solis
600 1621 759 1688 ostendat.

173 1708 268 1794 Syria
298 1711 365 1776 late
397 1711 497 1777 litora
529 1714 632 1794 tenet,
665 1714 835 1795 terrasque
867 1711 967 1776 etiam
998 1710 1098 1776 latius
1111 1689 1150 1814 16}

82 1799 260 1884 introrsus,
292 1799 367 1865 aliis
401 1799 540 1884 aliisque
572 1804 758 1884 nuncupata
789 1798 990 1865 nominibus:
1021 1821 1098 1864 nam

83 1893 117 1953 et
149 1885 247 1954 Coele
279 1887 398 1953 dicitur
430 1891 463 1953 et
493 1885 731 1972 Mesopotamia
763 1891 796 1953 st
829 1887 1031 1953 Damascene
1064 1891 1098 1952 et

82 1975 252 2042 Adiabene
271 1981 304 2042 et
321 1975 507 2060 Babylonia
526 1980 560 2040 et
576 1974 698 2042 Iudaea
721 1980 755 2041 at
773 1973 1002 2059 Commagene.
1042 1975 1096 2040 hic
1116 1990 1150 2040 63

42 2080 69 2121 ⁸⁰
82 2064 270 2130 Palaestine
289 2069 340 2130 est
359 2087 423 2149 qua
436 2064 546 2148 tangit
559 2062 696 2147 Arabas,
714 2067 785 2128 tum
798 2062 973 2147 Phoenice,
992 2066 1025 2128 et
1042 2063 1100 2128 ubi

84 2175 118 2219 ae
134 2152 270 2221 Ciliciae
284 2153 461 2219 committit
474 2151 659 2236 Antiochia,
677 2152 757 2217 olim
776 2173 813 2219 ac
831 2151 886 2216 diu
904 2156 1029 2236 potens,
1043 2151 1100 2218 sed

84 2264 158 2308 oum
181 2264 253 2308 eam
275 2262 377 2327 regno
400 2240 590 2308 Semiramis
613 2241 719 2306 tenuit
742 2241 839 2326 longa
861 2241 1101 2326 potentissima.

84 2331 237 2415 operibus
260 2335 349 2396 certe
372 2331 441 2395 eius
463 2330 606 2415 insignia
629 2329 732 2396 multa
754 2334 843 2413 sunt3
871 2329 934 2395 duo
960 2330 1099 2395 maxime
1161 2375 1168 2382 -

84 2419 257 2502 excellent3
277 2419 456 2484 constituta
473 2419 551 2483 urbs
569 2419 671 2484 mirae
690 2417 926 2504 magnitudinis
939 2417 1100 2502 Babylon,

44 2521 70 2562 2⁶
84 2528 123 2573 ac
141 2507 235 2573 siccis
259 2508 338 2572 olim
356 2506 545 2592 regionibus
564 2505 751 2591 Euphrates
770 2511 803 2573 et
820 2507 928 2593 Tigris
951 2505 1099 2572 immissi.

84 2598 228 2662 ceterum
249 2596 284 2660 in
305 2595 494 2661 Palaestina
516 2599 567 2659 est
588 2596 703 2681 ingens
727 2600 760 2661 at
777 2596 904 2661 munita
927 2594 1100 2661 admodum
1118 2609 1152 2659 64

84 2683 185 2751 Gaza:
209 2685 255 2750 sio
278 2684 398 2750 Persae
421 2684 582 2749 aerarium
604 2687 732 2768 vocant,
755 2688 789 2750 et
811 2684 886 2750 inde
904 2705 1023 2751 nomen
1040 2686 1100 2766 est,

84 2773 170 2857 quod
189 2795 263 2839 oum
277 2771 457 2856 Cambyses
477 2773 576 2838 armis
589 2772 778 2858 Aegyptum
791 2777 927 2858 peteret,
943 2771 1008 2837 huo
1020 2770 1100 2836 belli

84 2866 118 2926 et
137 2883 214 2946 opes
234 2866 267 2927 et
284 2862 455 2946 pecuniam
473 2861 640 2928 intulerat.
667 2864 802 2927 estnon
819 2863 925 2929 minor
943 2860 1100 2943 Ascalon,

84 3014 108 3019 --
114 3014 298 3021 ——ffl

152 3076 182 3125 -2,
202 3070 364 3152 <ct)hebae
382 3070 410 3125 A
429 3071 469 3138 (et
481 3070 533 3140 A⁸)
552 3069 596 3125 uti
615 3088 668 3140 que
687 3072 714 3125 A
733 3069 830 3139 utique
850 3087 922 3140 quae
937 3068 1100 3124 Perizonius

141 3147 165 3197 7.
184 3140 353 3197 volb1ticum
371 3141 399 3196 A
417 3140 624 3198 Bolbitioumo
678 3147 702 3197 8.
723 3141 935 3211 sevennytioum
954 3143 980 3194 A
998 3140 1099 3209 patha·

84 3211 220 3267 meticum
237 3213 266 3268 A
288 3211 531 3268 Pathmetioume
604 3219 646 3271 11.
665 3212 756 3281 adque
777 3212 818 3267 A¹
841 3215 926 3282 atque
943 3211 985 3266 A’
1057 3217 1099 3265 12.

84 3282 235 3338 adtollitur
256 3284 298 3339 A¹
321 3283 464 3339 attollitur
486 3283 528 3338 A’
601 3291 642 3341 18.
667 3284 849 3339 damascenae
868 3283 909 3339 A¹
933 3281 1099 3337 damascena

84 3354 127 3408 Α2
201 3360 242 3410 19.
262 3354 420 3425 colophone
437 3356 466 3410 A
485 3354 671 3425 Commagene
695 3355 826 3425 chpr'us
897 3360 939 3409 20.
960 3351 1099 3422 palestine

85 3426 128 3480 A.
168 3440 233 3480 cum
250 3427 279 3481 A
296 3428 358 3481 tum
371 3444 392 3483 a
445 3432 488 3481 24.
507 3427 647 3483 excellent
665 3428 705 3483 sc'c
721 3426 750 3481 A
804 3431 847 3482 26.
865 3423 1006 3495 palestina
1019 3422 1047 3477 A

85 3501 128 3552 28.
148 3497 293 3570 peteretsss
303 3499 331 3552 A
386 3503 427 3552 29.
448 3496 647 3570 <as>calo<n)
661 3499 689 3554 A
708 3498 824 3568 (litteras
841 3497 874 3552 in
891 3512 947 3551 rae.
966 3495 1030 3550 odd.
1044 3491 1097 3562 ²1⁸)
