2378 3930
392 205 570 263 OCTAVIUS
590 223 612 262 o.
634 211 673 262 17.
695 212 736 263 18.
1028 204 1071 270 25

56 353 160 420 totius
184 353 295 417 muudi
319 352 467 437 partibus
491 352 722 437 pulohriorem3
746 352 782 415 ni
800 351 894 434 forte,
918 351 1071 437 quoniam
1090 368 1106 417 5

57 442 97 508 de
119 442 324 527 prouidentia
346 442 439 506 nulla
458 441 617 507 dubitatio
637 445 696 520 est,
718 440 944 525 inquirendum
965 443 1071 524 putas,

57 534 167 596 utrum
190 531 285 595 unius
307 530 445 614 imperio
469 553 510 594 au
535 530 670 596 arbitrio
694 530 908 612 plurimorum
932 530 1071 595 caeleste

57 640 194 703 regnum
216 620 426 704 gubemetur3
451 619 536 703 quod
554 619 663 704 ipsum
680 641 747 684 non
766 621 817 683 est
835 618 930 682 multi
948 619 1071 683 laboris

30 708 184 794 seperire
207 708 367 795 cogitanti
390 708 529 794 imperia
546 711 685 793 terrena,
707 707 824 793 quibus
843 707 991 791 exempla
1009 707 1071 771 uti·
1147 768 1153 779 ,

57 819 118 882 que
138 797 177 861 de
195 798 295 863 eaelo.
333 798 461 882 quando
479 818 634 881 umquam
652 797 746 882 regni
765 795 903 861 societas
923 798 980 859 aut
998 816 1072 860 aum
1089 816 1105 865 6

57 886 119 950 fide
147 887 255 970 eoepit
281 891 340 951 aut
368 886 437 951 sine
462 903 579 951 ‘eruore
606 885 723 950 desiit?
754 886 870 951 omitto
893 884 1010 949 Persas
1033 885 1072 948 de

57 996 212 1059 equorum
233 975 365 1039 hinnitu
384 979 581 1059 augurantes
600 974 828 1059 principatum,
852 978 885 1038 et
902 973 1072 1038 Thebano·

57 1086 130 1129 rum
147 1064 286 1128 fratrum
300 1062 471 1129 mentitam
490 1063 636 1129 fabulam
655 1067 794 1129 transeo.
818 1060 884 1126 *ob
904 1065 1072 1148 pastorum

11 1177 44 1216 ,ιο
58 1161 91 1217 et
114 1173 206 1217 casae
230 1174 366 1239 regnum
390 1152 429 1218 de
453 1151 624 1240 geminis*
642 1152 798 1217 memoria
819 1151 992 1216 notissima
1014 1156 1073 1216 eet.
1102 1196 1106 1203 ι

59 1242 170 1326 generi
198 1245 231 1306 et
258 1243 361 1308 soceri
384 1242 470 1308 bella
496 1246 568 1308 toto
592 1243 670 1308 orbe
694 1241 811 1306 diffusa
835 1245 924 1324 sunt,
948 1244 981 1304 et
1003 1244 1073 1304 tam

57 1330 170 1415 magni
195 1330 324 1415 imperii
351 1331 483 1397 fortuna
510 1330 591 1396 duos
619 1352 686 1396 non
713 1330 807 1415 oepit.
850 1331 925 1395 uide
954 1332 1108 1397 oeteratr

58 1441 114 1483 rex
136 1441 220 1483 unus
249 1418 379 1503 apibus,
407 1420 472 1484 dux
494 1442 578 1485 unus
601 1421 636 1484 in
660 1420 827 1504 gregibus,
855 1419 891 1483 in
916 1417 1073 1483 armentis

58 1511 166 1570 rector
192 1529 287 1571 uuus.
327 1510 363 1571 tn
391 1508 425 1571 in
448 1508 537 1573 eaelo
561 1529 722 1572 summam
748 1509 944 1590 potestatem
973 1506 1074 1571 diuidi

18 1618 46 1659 rs
60 1594 171 1659 eredas
201 1598 233 1658 et
261 1595 364 1659 scindi
395 1595 464 1659 ueri
495 1595 584 1660 illius
618 1617 655 1660 ae
683 1595 784 1658 diuini
812 1596 940 1678 imperii
968 1599 1073 1659 totam

60 1683 289 1748 maiestatem?
411 1704 483 1748 eum
515 1684 625 1768 palam
657 1683 700 1747 sit
731 1687 898 1766 parentem
928 1683 1074 1747 omnium

60 1773 153 1836 deum
178 1792 237 1837 nee
258 1771 457 1856 principium
479 1772 599 1837 habere
621 1793 681 1836 neo
703 1771 889 1855 terminum,
911 1771 967 1854 qui
989 1770 1074 1835 nati-

59 1862 195 1926 uitatem
215 1861 364 1926 omnibus
383 1865 539 1945 praestet,
562 1860 624 1926 sibi
643 1860 904 1945 perpetuitatem,
925 1860 980 1945 qui
1000 1863 1074 1923 ante

61 1950 215 2015 mundum
247 1949 347 2014 fuerit
380 1949 443 2015 sibi
475 1950 545 2034 ipse
575 1971 634 2032 pro
663 1948 798 2026 mundo:
831 1949 885 2034 qui
913 1949 1075 2032 uniuersa,

20 2063 47 2102 ao
63 2060 283 2124 quaecumque
308 2043 394 2122 suut,
416 2039 516 2103 uerbo
540 2038 639 2122 iubet,
661 2038 788 2103 ratione
812 2038 986 2122 dispensat,
1008 2036 1075 2101 uir-

61 2130 130 2192 tute
159 2132 371 2192 oonsummat.
412 2127 465 2192 hio
492 2147 558 2192 nou
584 2127 687 2191 uideri
710 2129 833 2210 potest:
862 2126 934 2191 uisu
958 2126 1110 2196 clariora

61 2220 123 2300 est;
146 2238 205 2281 neo
228 2215 406 2301 oonprendi
426 2217 577 2301 [potest]:
598 2220 682 2281 tortu
697 2216 808 2298 purior
825 2220 882 2299 θείς
904 2235 963 2280 neo
982 2215 1076 2279 aesti-

133 2361 149 2409 3
168 2355 290 2424 plurium
306 2355 381 2411 Gaui.
398 2357 538 2426 Meyerua,
557 2359 626 2410 reete
639 2359 711 2424 puto
723 2356 763 2423 Ιῠ
781 2355 913 2424 aquibus
927 2353 1075 2421 Halmius,-

61 2427 107 2480 sest
130 2432 238 2482 terreno
259 2427 377 2495 imperio
399 2442 453 2482 ease
476 2427 626 2481 comitata
649 2445 667 2481 a
691 2427 740 2480 deo
759 2427 796 2482 ud
814 2427 964 2497 corruptum
982 2426 1077 2480 diuini

37 2551 41 2558 ·
61 2499 182 2623 'emittit
193 2495 1076 2638 arrzoairtrttuufi'rrirruatur

62 2655 161 2693 norum
174 2639 231 2693 frffi
244 2612 393 2695 mentitam
407 2639 490 2708 (Stat.
507 2609 557 2694 rt
572 2640 598 2693 X
613 2585 801 2708 Biffleripat:
814 2609 999 2694 thebanorum
1014 2654 1075 2706 per·

61 2711 201 2764 mortuam
210 2715 230 2761 P
240 2709 291 2765 Th.
306 2712 508 2781 permortuam
520 2711 663 2765 Meursius
672 2709 724 2764 Th.
734 2709 853 2763 fratrum
862 2708 1076 2763 intermortuam

66 2779 218 2847 Vettonum
231 2782 372 2851 redargue
380 2783 520 2836 mortuam
529 2797 614 2850 neque
622 2781 835 2834 intermortuam
846 2777 991 2850 opturata,
1001 2784 1035 2832 10
1044 2779 1076 2832 iu

62 2852 154 2906 uerbis
177 2853 325 2920 desperatis
348 2854 461 2906 transeo
484 2853 630 2922 pastorum
653 2867 688 2905 ex
710 2867 777 2905 oasa
798 2866 928 2918 regnum,
952 2866 1019 2904 nam
1042 2850 1076 2904 de

63 2921 183 2992 geminis
207 2921 352 2992 Uaemrne,
376 2922 412 2977 ob
435 2925 581 2992 pastorum
600 2925 629 2976 et
647 2937 729 2976 casae
748 2922 855 2993 [potius
872 2921 1013 2994 casarum]
1032 2937 1076 2975 re-

63 3010 149 3063 gnum
169 3008 280 3047 eaesum
298 3010 385 3047 unum
403 2993 438 3047 de
458 2993 577 3062 geminis
591 2992 768 3061 Dentatus,
787 2995 931 3063 pastorum
950 2995 979 3047 et
993 3007 1075 3047 oasae

64 3067 94 3118 et
112 3064 148 3118 ob
162 3080 279 3132 regnum
295 3064 442 3134 degeneris
456 3063 562 3134 gemini
575 3079 623 3135 epo
637 3065 751 3119 lueimua
764 3066 773 3135 ΙΙ
789 3070 820 3119 12
836 3065 906 3120 duos
919 3063 1033 3119 fortuna
1046 3067 1075 3130 1²,

64 3135 172 3190 troierit
185 3134 370 3190 Heumouuus
382 3135 392 3203 ΙΙ
408 3140 441 3189 16
455 3134 632 3190 maiestatem
644 3136 706 3191 Iao.
719 3135 890 3191 Grououtua:
904 3136 1076 3205 potestatem

63 3212 96 3274 2,
120 3208 193 3275 quod
215 3223 249 3261 ex
266 3208 362 3275 priore
384 3211 475 3262 ortum
499 3211 630 3276 apparea·
656 3208 703 3261 aed
729 3207 824 3262 dubito
852 3224 891 3262 au
914 3222 972 3261 uon
994 3207 1077 3260 tutuo

63 3279 163 3334 erroris
181 3278 311 3332 eorrectio
329 3278 403 3333 adsit
420 3279 453 3333 ia
471 3279 520 3333 ruo
539 3293 572 3332 ae
591 3280 635 3346 (ε
650 3276 698 3348 al.)
718 3276 808 3332 diuini
821 3283 886 3347 poet
904 3276 964 3332 ueri
982 3292 1075 3345 auper-

62 3350 126 3418 (lua
146 3354 178 3403 ut
195 3349 232 3403 ait
250 3349 447 3404 restituendum
465 3349 525 3404 ueri
544 3348 620 3403 illius
638 3349 750 3417 imperii
768 3350 859 3404 totam
876 3346 1052 3402 diuinitatem
1070 3345 1073 3419 t

64 3421 179 3475 lacunae
197 3421 278 3490 eiquo
297 3421 393 3490 posuit
411 3421 580 3475 Dombartus
597 3420 606 3488 n
625 3425 658 3475 22
677 3421 833 3503 ptoesemote
850 3421 945 3490 potest
962 3419 1078 3488 depulso

64 3507 118 3546 esee
136 3491 222 3546 uerbo
239 3508 309 3561 quoe
327 3493 392 3546 iu?
410 3493 508 3547 ouant
525 3493 607 3547 taetu
622 3508 720 3563 purior
739 3494 787 3546 est
798 3509 819 3545 a
830 3490 979 3559 tuprtuuu
992 3493 1092 3546 aa&

57 3564 243 3630 suppeditata,
264 3564 462 3622 intellexeruut
482 3564 623 3624 Gamerae
641 3569 667 3622 et
686 3562 826 3620 Uretuuu.
