2378 3930
172 178 211 239 12
479 183 722 239 enonnebnnus
736 198 771 237 m

170 336 242 408 quid
257 350 325 408 erpo
340 350 478 389 mensura
493 339 532 389 sit
549 335 586 389 de
601 351 659 407 qua
674 337 839 405 quaeritur,
861 340 1018 388 tractemus
1034 330 1088 404 (bis

170 422 257 492 igitur
278 417 367 479 verbis
390 418 511 492 scriptor
531 418 602 474 redit
616 418 650 475 ad
664 416 859 492 propositum).
897 416 955 473 lloc
968 417 1032 473 loco
1048 417 1088 473 la·

170 502 222 561 cile
242 510 357 576 apparet
382 503 474 560 eadem
498 503 602 559 ratione
616 500 728 559 Balbum
748 519 828 558 usum
848 517 909 557 esse
931 518 986 575 qua
1001 502 1088 558 llero·

170 603 231 643 nem
248 588 275 644 in
291 587 496 643 introductione
510 589 677 660 geometriae
685 580 716 657 4).
752 586 826 655 Quae
841 592 931 642 autem
945 592 1088 659 praeterea

171 673 339 745 interposuit
353 671 387 727 de
402 670 501 728 latiore
522 687 666 727 mensurae
689 670 871 744 appellatione
886 686 916 725 ea
932 686 984 727 nec
999 670 1089 727 aliena

171 764 265 812 sunta
282 755 427 829 proposito
443 772 589 826 movero,
614 757 666 811 uisi
683 754 763 828 plane
778 755 902 811 mutilata
917 770 978 810 esse
995 755 1089 811 existi·

170 856 228 896 mes
244 839 317 895 Balbi
334 839 425 909 verba,
441 840 537 898 abesse
551 836 704 913 possuntll.

237 939 368 1014 Sequitur
382 943 498 1014 primum
515 941 623 996 brevior
637 956 781 996 mensurae
796 939 936 1011 definitio,
957 943 1036 996 cuius
1052 942 1089 995 si-

174 1024 246 1080 milia
263 1024 393 1081 nonnulla
409 1026 585 1081 inveniuntur
600 1025 671 1099 apud
683 1020 854 1096 Heronem⁵)‚
872 1033 927 1080 tum
942 1027 1001 1098 ipsa
1012 1039 1089 1080 men·

173 1126 298 1166 surarum
322 1109 421 1165 tabula.
466 1109 525 1166 Uno
549 1109 632 1165 verbo
659 1109 809 1165 absolvam:
838 1109 934 1164 Latino
961 1124 1089 1164 sermone

173 1193 301 1249 Graecam
317 1193 434 1267 aliquam
453 1193 571 1250 tabulam
587 1194 702 1248 similem
718 1194 888 1249 Heroniauae
909 1193 1045 1255 secundae
1060 1200 1089 1248 et

172 1278 315 1333 Euclideae
336 1280 373 1334 ita
395 1280 546 1350 expressit,
569 1287 600 1333 ut
621 1295 707 1351 pauca
729 1286 833 1334 tantum
855 1292 923 1350 quae
939 1278 967 1332 in
983 1276 1088 1334 Graeco

174 1361 298 1436 exemplo
319 1362 499 1419 abhorrerent
514 1380 528 1417 a
544 1363 727 1418 Romanorum
748 1379 800 1418 usu
822 1362 861 1417 vel
884 1363 1025 1418 omitteret
1046 1361 1088 1417 vel

173 1442 330 1517 mutaret⁷).

239 1676 265 1733 4)
284 1678 316 1726 In
330 1678 483 1727 recentiore
497 1679 668 1742 geometriae
681 1678 770 1727 forma
783 1693 854 1742 quae
866 1678 895 1726 in
907 1678 987 1727 libris
1005 1692 1090 1727 manu

173 1744 283 1808 scriptis
314 1749 406 1793 exstat
434 1744 512 1793 locus
536 1745 584 1794 ille
607 1746 728 1794 Heronio
751 1747 868 1795 maxime
898 1745 1089 1795 memorabilis

174 1811 338 1891 appendicis
357 1813 446 1926 instalr
465 1812 575 1892 additus
595 1812 1090 1930 9siorigrirtsleffflir'agegtmroffip‘ioli?

172 1878 301 2029 {gofinph
303 1894 370 1997 1:313ss
373 1884 698 2029 eggrgglssgazcrffalbus
717 1917 841 1997 imitabis
853 1917 903 1998 'est
920 1954 984 2030 sunt
994 1918 1088 1997 ‘haeci

171 2010 712 2147 {traucistariensium
726 2015 822 2147 itit
838 2012 1090 2147 statuariae

173 2162 224 2210 μεν
242 2147 344 2211 δὲτὴν
362 2152 422 2200 τῶν
441 2148 554 2213 μέτρων
571 2147 655 2201 ἰδέαν.

240 2231 267 2296 5)
286 2231 387 2296 Spuria
407 2249 468 2282 esse
488 2235 623 2285 iudicavit
632 2235 829 2283 Lachmannus
841 2233 898 2283 loci
911 2250 990 2298 quem
1004 2249 1093 2299 supra

173 2298 256 2347 attuli
274 2300 359 2348 verba
378 2317 570 2351 nortmannum
587 2317 672 2365 usque
692 2302 728 2350 ad
750 2304 928 2366 torpitudinem
946 2304 1086 2365 appellant.

169 2365 220 2427 nt,
240 2380 356 2428 quaeso,
376 2367 525 2418 tolerarine
538 2375 652 2434 possunt
664 2369 735 2418 durae
748 2371 905 2419 sententiae
919 2384 980 2433 erpo
993 2369 1091 2434 nequid

172 2439 225 2482 cet.
246 2437 274 2481 et
292 2435 353 2498 quid
370 2450 432 2498 erpo
452 2442 505 2484 cet.
527 2436 617 2486 altera
631 2436 747 2485 alteram
761 2438 920 2500 excipiens?
943 2438 1004 2500 Ego
1016 2436 1090 2485 nihil

171 2501 283 2549 invenio
309 2501 336 2550 in
361 2517 392 2550 eo
416 2501 477 2552 loco
496 2505 566 2567 quod
586 2520 602 2552 a
620 2503 704 2552 Balbi
727 2504 874 2568 eloquendi
898 2518 999 2568 genere
1018 2503 1089 2553 alie-

171 2582 235 2616 num
259 2568 302 2618 sit.
340 2568 393 2629 Qui
417 2570 498 2620 initio
522 2575 626 2621 omnium
648 2587 819 2621 mensurarum
837 2573 1023 2635 appellationes
1045 2571 1089 2619 in-

172 2634 284 2699 tellegit
302 2643 519 2699 peometricorrmr,
539 2655 593 2689 non
614 2638 739 2688 aliarum.
772 2639 825 2689 Sed
844 2641 973 2702 quoniam
992 2639 1089 2687 statim

170 2704 296 2752 meminit
319 2719 380 2753 esse
404 2712 552 2770 praeterea
575 2706 633 2756 alia
655 2721 843 2755 mensurarum
868 2722 987 2771 genera,
1017 2706 1090 2755 haec

172 2769 294 2820 breviter
320 2780 528 2835 commemorat,
560 2774 607 2822 sed
632 2772 758 2823 consulto
783 2774 913 2822 ommittit
937 2774 1088 2839 explicare.

171 2837 254 2901 Tum,
274 2840 328 2888 nisi
347 2839 419 2888 forte
439 2841 570 2890 nonnulla
595 2842 807 2905 interciderunt,
832 2842 932 2906 raptim
957 2840 1030 2891 redit
1053 2840 1090 2891 ad

171 2907 341 2970 propositum
358 2908 453 2956 verbis
473 2910 534 2972 quid
551 2924 613 2973 erpo
630 2924 748 2958 mensuro
765 2912 798 2958 sit
817 2914 870 2959 cet.

238 2989 264 3048 6)
284 2990 539 3043 V.Def.1ao.121.
569 2993 639 3042 Tum
648 2993 810 3042 Heroniana
828 2994 925 3042 tabula
943 2992 984 3040 ΙΙΙ
1003 2990 1090 3056 plane
1147 3033 1154 3042 .

170 3056 212 3104 ita
235 3059 387 3120 composita
412 3064 467 3120 est,
499 3061 727 3123 quemadmodum
749 3062 889 3126 praecipit
910 3059 1031 3122 Balbus,
1059 3063 1092 3108 nt

169 3123 454 3251 qnaiorlesgrqqnsurae
473 3128 624 3177 minoribns
639 3130 791 3193 quibusque
806 3129 981 3179 deliniantur.
1007 3125 1089 3177 Conf.

220 3205 269 3238 ro.
340 3204 364 3244 ·.

200 3206 217 3253 p
237 3274 263 3333 7)
282 3275 324 3322 Ad
341 3275 356 3333 ς’
375 3278 390 3323 2
408 3276 463 3326 1οοί
483 3293 500 3326 a.
518 3279 599 3328 nobis
619 3281 687 3329 editi
707 3281 779 3332 conf.
795 3279 918 3330 tabulam
931 3280 1036 3329 Heron.
1049 3279 1088 3339 11,

171 3343 184 3388 1
205 3345 232 3389 et
248 3340 412 3390 Euclideam
432 3347 454 3391 1.
487 3345 613 3396 Graecae
632 3348 745 3411 orgyiae
764 3348 912 3411 respondet
931 3347 1004 3412 apud
1022 3346 1088 3397 Bal·

169 3408 233 3457 bum
245 3422 352 3472 passus.
383 3410 518 3474 Reliquae
532 3429 676 3463 mensurae
696 3416 770 3464 inter
787 3430 816 3464 se
836 3416 1013 3477 conveniunt,
1032 3414 1089 3465 nisi

171 3475 242 3540 quod
261 3476 290 3524 in
307 3474 365 3525 tab.
383 3475 450 3528 Her.
467 3478 627 3541 miliarium,
648 3482 677 3529 in
693 3482 772 3533 Eucl.
790 3483 874 3531 uncia
892 3483 996 3532 omissa
1014 3486 1087 3543 sunt,

171 3544 243 3592 unde
261 3543 288 3591 in
303 3541 418 3593 Graecis
437 3545 541 3595 tabulis
559 3548 694 3609 undecim,
715 3548 787 3613 apud
805 3548 923 3598 Balbum
943 3549 1088 3599 duodecim
