2378 3930
167 200 218 247 XX
528 203 718 245 PRAEFATIO.

168 358 234 398 num
255 340 283 395 iu
299 338 420 397 Gromat.
435 354 462 414 p.
479 339 551 409 339,
567 339 625 406 27;
640 340 721 413 paulo
741 340 848 395 diversa
863 339 967 413 legitur
984 337 1013 393 in
1029 336 1087 393 blu-

169 426 270 482 tinensi
291 423 362 480 libro
384 426 424 481 sic
447 425 504 481 lere
527 417 555 498 3
582 423 703 497 (11.135
722 423 740 495 S
758 423 817 496 14).
854 425 922 480 Tum
943 423 972 478 in
990 422 1085 479 eodem

169 510 314 567 Mutinensi
333 510 393 566 aliis
409 508 477 566 locis
493 526 524 565 ea
539 510 627 565 lorma
644 517 784 583 comparet
799 525 869 583 quae
884 506 1023 564 simillima
1043 515 1087 563 est

169 595 288 652 Graecae
302 594 409 650 litterae
420 594 448 666 ζ,
465 611 545 668 quam
561 594 696 668 expressit
708 593 853 661 christine,
868 610 930 650 oum
945 610 977 649 ex
993 592 1088 650 codice

169 677 362 750 bambergensi
384 679 491 735 saecli
511 688 540 735 et
560 679 593 734 Xl
614 677 762 735 Victoriam
783 686 810 733 et
828 677 969 735 abbonem
989 677 1086 748 edidit,

169 763 314 836 p.136vs.
324 764 353 833 ’1,
365 780 391 836 p.
402 762 460 819 141
475 758 558 835 cet.¹).
582 763 640 836 Ego
655 762 756 837 ubique
770 762 902 819 Graecum
917 762 933 822 Z
949 762 1025 829 dedi;
1039 779 1088 817 an-

172 850 278 921 tiquior
290 857 379 905 autem
392 848 479 904 forma
492 848 544 905 luit
558 842 596 918 Ζ,
610 865 679 922 quae
690 849 800 921 saepius
812 848 950 921 reperitur
962 850 990 903 in
1002 846 1088 903 l'ron-

172 933 222 988 tini
244 933 337 989 codice
352 932 514 989 Cassinensi.
551 933 604 989 lam
620 931 684 989 huic
699 934 830 989 sextantis
846 940 926 988 notae
942 933 965 988 si
981 931 1090 988 additur

170 1018 260 1073 brevis
272 1015 372 1073 lineola
381 1017 492 1091 oblique
501 1017 582 1074 ducta
592 1016 671 1092 (quae
682 1019 795 1091 proprie
807 1024 962 1073 transversa
973 1033 1034 1073 esse
1042 1016 1089 1072 de·

171 1101 231 1157 buit
246 1101 286 1157 sic
300 1132 341 1170 -,
357 1103 463 1157 unciam
476 1099 636 1177 sigificans),
653 1101 683 1157 fit
697 1103 887 1176 quadrans,
906 1101 946 1158 sic
956 1100 990 1161 Z‘
998 1143 1004 1155 .
1035 1100 1087 1157 Sed

173 1186 199 1241 hi
212 1186 321 1254 ductus,
337 1188 409 1258 quod
423 1203 502 1243 nemo
513 1187 666 1256 mirabitur,
682 1189 708 1241 in
725 1185 865 1243 codicibus
880 1189 908 1242 ln
923 1203 1008 1242 unum
1023 1203 1088 1243 con·

173 1271 252 1326 tracti
275 1278 353 1326 sunt:
375 1273 435 1326 vide
454 1271 615 1328 Lachmann.
635 1291 661 1346 p.
678 1272 756 1343 339,
781 1271 837 1342 28,
863 1271 961 1327 Christ.
979 1288 1006 1344 p.
1027 1269 1088 1329 136

172 1373 211 1411 11.
228 1354 284 1424 13,
307 1372 334 1426 p.
353 1354 412 1411 141
429 1374 467 1411 vs.
486 1357 541 1427 16,
562 1375 589 1430 p.
608 1357 667 1414 143
683 1365 735 1413 111.
750 1356 835 1413 Porro
853 1357 966 1412 triens
983 1364 1026 1412 est
1040 1356 1090 1412 du·

173 1439 272 1513 plicata
287 1440 419 1496 sextantis
436 1449 515 1511 nota,
537 1443 576 1498 sic
590 1440 639 1512 ζζ,
663 1451 719 1498 tum
736 1441 914 1515 quincunx
931 1448 1041 1498 constat
1057 1459 1089 1497 ex

176 1530 298 1579 sextante
320 1532 347 1579 et
371 1526 537 1598 quadrante,
561 1529 599 1583 sic
615 1525 680 1587 ZZ‘.
712 1527 783 1583 Haec
807 1534 931 1583 accurate
953 1527 1089 1600 expressit

172 1608 358 1665 Lachmannus
374 1628 402 1683 p.
415 1611 486 1682 339,
504 1609 554 1680 29,
570 1630 596 1685 p.
614 1611 685 1683 340,
704 1613 730 1666 1.
762 1610 793 1666 bt
808 1613 835 1666 in
850 1611 944 1667 codice
958 1611 1088 1666 Bernexrsi

173 1693 268 1748 eodem
289 1694 371 1749 modo
397 1695 481 1750 triens
504 1704 660 1753 contractus
684 1703 778 1752 estex
799 1694 935 1768 duplicata
956 1696 1088 1751 sextantis

175 1784 241 1833 nota
256 1793 335 1850 quam
351 1795 434 1852 supra
450 1779 569 1852 exhibui,
587 1782 725 1855 quincunx
739 1780 832 1836 eadem
848 1779 984 1854 duplicata
996 1787 1025 1835 et
1036 1779 1090 1834 vir·

172 1859 238 1936 gula
255 1861 366 1936 obliqua
384 1864 473 1920 addila
489 1875 623 1922 exaratus.
658 1867 685 1921 ln
701 1865 849 1921 Mutinensi
864 1873 955 1920 autem
970 1872 998 1920 et
1013 1864 1089 1920 Barn-

100 1974 103 1979 ·
173 1947 302 2021 bergensi
323 1949 416 2005 codice
439 1948 488 2005 hae
508 1958 589 2006 notae
612 1950 734 2007 turbatae
749 1958 829 2020 sunt,
854 1950 986 2023 siqnidem
1003 1950 1088 2004 triens

174 2033 343 2106 compositus
367 2042 461 2090 estex
483 2035 631 2108 quadrante
652 2044 680 2092 et
703 2035 831 2107 semisse,
853 2033 911 2094 2²5
930 2030 1038 2111 (Christ.
1061 2050 1088 2106 p.

176 2116 235 2173 143
256 2135 295 2172 vs.
318 2117 384 2190 21),
408 2119 544 2192 quincunx
565 2137 597 2175 ex
618 2121 766 2193 quadrante
788 2129 816 2175 et
837 2127 986 2193 septunce,
1008 2116 1081 2178 ΖΨ

174 2200 285 2271 (Christ.
302 2201 368 2258 ibid.
384 2221 423 2258 vs.
440 2203 506 2275 20),
531 2221 599 2277 quae
622 2221 748 2278 perversa
771 2221 832 2260 esse
849 2212 969 2278 apparet.
984 2234 1028 2246 —-
1042 2202 1090 2258 Sc·

175 2285 270 2356 quitur
292 2287 414 2356 semis,
435 2290 512 2343 cuius
533 2289 671 2362 antiquam
687 2299 777 2345 notam
794 2285 814 2346 S
829 2291 865 2344 ita
881 2296 986 2344 tanturn
1001 2294 1089 2344 muta·

176 2370 213 2423 vit
235 2366 363 2426 librarius
383 2372 485 2427 codicis
507 2373 665 2445 Bernensis,
687 2382 717 2429 ut
738 2391 840 2430 cornua
863 2390 946 2446 supra
970 2380 997 2428 et
1017 2371 1089 2427 inira

175 2452 257 2526 paulo
288 2452 395 2511 brevius
419 2455 538 2512 duceret.
585 2458 612 2512 ln
636 2458 780 2514 Mutinensi
806 2457 898 2514 codice
919 2457 1040 2530 itemque
1061 2456 1088 2510 in

175 2538 298 2615 Gudiano
313 2538 395 2613 (apud
410 2540 570 2597 Lachmann.
587 2560 613 2615 p.
632 2543 703 2612 339,
720 2544 745 2601 7.
763 2543 791 2600 8.
808 2541 879 2611 340,
895 2541 912 2596 2
929 2537 975 2616 11.)
990 2542 1089 2597 ductus

175 2631 283 2680 exstant
295 2625 437 2682 admodum
453 2626 556 2681 similes
572 2635 651 2682 notae
664 2633 692 2684 5.
725 2627 843 2700 lienique
858 2628 885 2681 in
900 2625 1089 2699 bambergensi

176 2703 252 2764 Sita
274 2718 446 2766 extenuatum
468 2719 527 2781 est,
548 2719 578 2766 ut
599 2712 707 2768 accedat
731 2712 763 2767 od
785 2712 898 2768 formam
913 2702 931 2771 S
948 2709 981 2780 (v.
998 2711 1089 2766 Christ

61 2794 71 2801 “
175 2810 201 2864 p.
222 2791 298 2863 143,
318 2795 355 2850 19
372 2795 445 2868 cet).
480 2798 546 2851 Tum
562 2795 593 2851 lit
608 2805 758 2870 septunx
774 2796 865 2853 addito
881 2795 978 2851 unciali
995 2795 1088 2863 ductu,

175 2882 209 2933 5²
219 2918 227 2946 ‚
244 2877 290 2950 qui
307 2878 403 2935 ductus
419 2899 513 2936 rursus
527 2883 553 2936 in
570 2897 653 2936 unum
669 2882 800 2936 contracti
819 2888 883 2937 sunt
899 2881 924 2934 in
940 2879 1089 2936 codicibus.

175 2961 239 3017 Bes
255 2966 425 3036 compositus
442 2974 484 3021 est
503 2983 534 3021 ex
552 2965 666 3021 semisse
683 2974 710 3022 et
726 2975 858 3033 sextante,
879 2964 927 3034 Sl,
942 2964 1087 3021 dodrans

175 3062 207 3100 ex
236 3049 349 3103 semisse
369 3059 396 3104 et
418 3052 582 3123 quadrante,
609 3049 678 3120 blf,
707 3051 852 3107 dextans
877 3066 907 3106 ex
928 3051 1042 3105 semisse
1062 3056 1090 3104 ot

176 3132 293 3201 triente,
318 3132 390 3205 SZZ,
419 3135 534 3208 denique
557 3136 668 3191 deunx
694 3137 726 3192 ox
746 3138 856 3191 semisse
878 3143 905 3190 et
927 3134 1089 3208 quincunce,

175 3214 261 3276 SZZ‘.
308 3217 377 3273 llaec
401 3221 490 3275 omnia
511 3222 577 3275 satis
600 3222 744 3295 perspicue
767 3227 873 3276 exarata
894 3227 958 3275 sunt
979 3221 1007 3275 in
1027 3219 1090 3275 Ber·

245 3365 273 3432 1)
291 3366 463 3430 Ubicumque
487 3367 561 3416 infra
583 3368 617 3417 de
638 3368 682 3418 bie
707 3369 778 3418 notis
801 3367 921 3417 breviter
939 3367 1090 3417 Christium

178 3434 287 3497 citabo,
309 3433 378 3484 scito
396 3433 522 3499 intellegi
541 3435 599 3486 eins
618 3435 841 3486 commentarium
860 3434 894 3484 de
913 3435 1029 3485 Victorii
1048 3450 1092 3484 ar·

178 3506 307 3567 gumento
326 3501 482 3553 calculandi
501 3500 743 3569 (Sitzunqabera'chte
761 3505 808 3553 der
827 3502 984 3553 Mitacbeaer
1001 3503 1089 3553 Aeac.

180 3572 253 3622 1833.
271 3572 293 3621 I.
311 3586 337 3637 p.
356 3569 479 3635 lotias).
