2378 3930
173 176 234 242 106
318 200 360 241 nx
381 196 504 241 rsrnom
524 198 798 241 nuruonocrxncn
819 196 934 239 nxnnrs.
1014 173 1092 260 [lta]

126 324 129 331 '
232 329 284 394 41.
311 330 354 391 lic
376 330 465 417 mari,
488 331 525 390 de
547 328 668 409 hydria,
691 332 727 392 de
750 348 856 411 cypro,
879 329 917 390 de
938 328 1091 389 choenice.

170 435 260 495 maris
289 432 369 494 idem
392 431 470 510 quod
494 449 599 510 cypros
622 450 760 493 mensura
784 440 828 492 est
850 430 929 508 apud
952 429 1092 491 Ponticae

170 535 339 614 provinciae
361 533 513 603 homines,
537 550 613 610 qnae
635 533 767 594 continet
788 532 908 612 hydrias
924 531 1008 593 duas.
1040 532 1091 611 hy·

170 636 233 697 dria
257 654 326 697 vero
350 635 426 713 apud
451 653 501 695 eos
517 642 561 693 est
575 634 773 695 sextariorum
796 633 914 708 decern,
936 635 977 693 ita
1001 641 1035 693 ut
1056 634 1099 692 sit·

136 751 152 800 5
171 738 261 798 maris
289 736 426 814 idemque
454 753 562 814 cyprus
584 735 636 795 XX
658 737 854 795 sextariorum
878 733 1091 794 Alexandrino·

170 857 248 899 rum.
293 855 400 917 cyprus
434 836 510 914 apud
543 836 663 896 eosdem
695 836 834 896 Ponticos
868 846 912 896 est
943 835 1092 896 seminum

171 956 309 1000 mensura
338 939 501 1006 siccorum,
531 956 622 1016 capax
646 937 818 1016 hydriarum
841 938 982 1007 duarum,
1012 936 1090 997 idem

171 1041 328 1102 continens
351 1041 467 1100 minora
490 1040 586 1098 modia
609 1039 685 1106 duo,
709 1058 785 1117 quae
809 1039 885 1118 apud
902 1058 953 1100 eos
969 1039 1090 1099 choeni-

173 1160 240 1202 cum
264 1142 421 1219 quinorum
445 1157 509 1200 esse
525 1140 672 1200 dicuntur.
703 1140 829 1201 choenix
844 1159 915 1201 rero
938 1140 1017 1219 apud
1042 1158 1091 1200 eos

120 1257 153 1307 10
171 1244 230 1302 duo
260 1243 384 1302 sextaria
414 1242 560 1311 continet,
588 1242 637 1301 ita‘
651 1250 683 1302 ut
705 1244 742 1301 sit
764 1260 872 1322 cyprus
895 1243 1091 1302 sextariorum

171 1344 232 1404 XX.
279 1363 345 1403 nam
377 1344 494 1403 modius
523 1361 626 1403 eorum
650 1345 745 1403 maior
767 1345 966 1404 sextariorum
989 1343 1042 1402 XX
1064 1348 1092 1403 et

172 1444 226 1505 llll
249 1463 340 1521 capax
364 1454 416 1508 est.

234 1559 286 1622 42.
325 1563 367 1623 lie
396 1561 534 1623 collatho.
581 1561 725 1623 colluthus
748 1571 792 1623 est
815 1563 891 1641 apud
916 1564 1007 1642 Syros
1029 1580 1089 1624 mc·

175 1664 255 1723 dium
279 1665 332 1724 sati
354 1666 384 1722 in
407 1663 540 1742 liquidis,
565 1665 644 1740 quod
668 1673 712 1725 est
735 1667 929 1725 sextariorum
953 1664 1068 1725 XXllll.

120 1798 153 1848 15
233 1779 285 1842 43.
315 1781 357 1841 De
380 1783 540 1860 congiario.
577 1782 760 1860 congiarium
776 1802 915 1843 mensura
939 1792 983 1843 est
1004 1782 1089 1860 liqui-

170 1884 292 1952 dorum,
316 1884 400 1945 cuius
423 1892 452 1943 et
474 1902 521 1943 res
542 1883 629 1943 simul
653 1890 682 1944 et
705 1903 814 1945 nomen
837 1903 852 1944 a
875 1885 1015 1945 Romanis
1038 1902 1088 1962 po·

169 1988 260 2047 situm
285 1992 408 2047 constat.
454 1985 530 2045 hanc
553 2004 622 2045 vero
646 2003 813 2045 mensuram
838 1988 867 2045 in
890 1986 1089 2062 descriptione

170 2089 361 2148 historiarum
386 2089 464 2147 circa
488 2086 601 2165 singula
624 2093 758 2165 tempora
782 2095 840 2146 tarn
859 2083 978 2148 Euschii
1001 2105 1087 2165 quam
1147 2090 1153 2105 '

170 2190 294 2250 aliorum
319 2190 369 2267 qui
391 2187 493 2247 similis
516 2189 690 2248 exstiterunt
705 2191 847 2249 nrateriae
870 2190 1088 2266 conscriptores

118 2306 152 2353 20
169 2291 282 2366 poteris
304 2291 446 2349 iuvenire.

171 2538 240 2601 123.
272 2538 324 2600 Ec
340 2539 458 2601 isidori
473 2541 728 2621 etymologiarum
745 2540 823 2601 libro
838 2540 897 2601 XV
910 2548 1005 2620 caput
1022 2540 1086 2601 XV.

349 2693 406 2746 XV.
443 2695 492 2743 DE
512 2692 697 2744 MENSURIS
717 2693 906 2745 AGRORUM.

235 2826 261 2889 1.
294 2830 432 2889 Mensura
457 2836 501 2889 cst
524 2829 662 2908 quidquid
687 2830 818 2906 pondere
843 2833 1002 2908 capacitate
1025 2829 1085 2891 lon-

170 2930 301 3006 gitudine
317 2928 469 2989 altitudine
487 2930 638 2990 latitudine
654 2912 812 3008 animoque
828 2932 937 2992 linitur.
962 2933 1090 2992 maiores

119 3032 267 3108 caltaque
291 3031 395 3091 orbem
420 3033 447 3091 lu
472 3032 618 3110 partibus,
642 3041 740 3111 partes
764 3035 794 3092 in
817 3034 995 3110 provinciis,
1020 3051 1089 3111 pro-

171 3132 279 3190 vincias
302 3134 330 3192 in
354 3133 538 3211 regionibus,
563 3135 700 3211 regiones
724 3136 752 3194 in
775 3134 863 3203 lociS,
888 3133 952 3195 loca
976 3136 1005 3193 in
1030 3143 1088 3195 ter-

237 3370 261 3417 3.
282 3370 371 3430 queA
441 3370 465 3420 6.
485 3371 649 3433 ponticusA
720 3372 744 3422 8.
764 3372 854 3434 queA
924 3374 948 3420 9.
969 3372 1088 3436 quinque

171 3452 244 3503 LeM
310 3453 407 3501 coenix
427 3453 451 3500 A
523 3456 563 3504 13.
584 3454 701 3504 collatus
720 3454 822 3503 Auem

231 3557 271 3607 23.
294 3555 424 3624 quicquid
445 3556 508 3608 irco
594 3558 641 3607 25.
663 3551 812 3620 regionesh
829 3555 987 3614 Regionum
1008 3557 1028 3600 A
