2386 3960
125 227 168 293 48
428 194 430 199 ’
477 224 658 284 rourorm
676 224 801 283 naras

76 410 110 459 90
129 390 267 457 subinde
285 392 495 474 consurgunt,
514 387 624 454 Scalas
643 389 838 456 Hannibalis
858 376 1034 476 adpellant.
1070 387 1149 454 inde

128 481 168 546 ed
187 479 403 544 Tarraconem
426 499 528 562 parva
551 482 628 543 sunt
651 479 770 563 oppida
794 479 929 563 Blande,
950 477 1049 562 Iluro,
1066 477 1150 543 Bae-

127 569 211 652 tulo,
233 567 389 655 Barcino,
412 564 533 651 Subur,
561 565 693 651 Tolobi,
720 586 823 651 parva
850 568 985 632 flumina
1007 566 1148 632 Baetulo

127 659 219 722 iuxta
241 655 330 722 Iovis
353 658 511 736 montom,
533 655 748 721 Rubricatum
769 656 805 720 in
826 655 1018 742 Barcinonis
1040 655 1148 740 litore,

128 747 215 811 inter
246 741 354 809 Subur
391 746 425 808 et
455 742 599 809 Tolobin
635 742 750 810 Maius.
803 745 945 810 Tarraco
983 744 1062 810 urbs
1097 747 1174 809 este

128 836 163 900 in
194 834 244 898 his
273 833 339 898 oria
368 832 606 897 maritimarum
629 834 883 917 opulentissima.
934 831 1043 898 Tulcis
1074 853 1148 898 eam

94 955 97 960 ·
127 922 284 988 mancas
305 920 551 1005 amnia-super
578 921 695 1006 ingens
721 921 862 989 Hiberus
891 920 1064 987 Dertosam
1095 921 1149 986 ad·

75 1030 109 1078 91
128 1012 238 1097 tingit
283 1008 357 1074 inde
376 1030 412 1074 sc
434 1008 475 1073 in¹
490 1012 595 1074 terras
618 1010 754 1096 pelagus
773 1008 926 1089 insinuet,
949 1013 982 1074 et
1005 1010 1147 1094 primum

130 1118 250 1184 magno
270 1097 398 1183 impetu
421 1097 599 1162 admissum
621 1118 697 1163 mon
719 1099 754 1163 in
775 1099 857 1165 duos
880 1099 970 1163 sinus
992 1114 1147 1183 promun-

79 1206 112 1255 ea
131 1189 218 1253 turio
232 1185 318 1270 quod
331 1180 514 1251 Ferrariam
525 1191 646 1252 uocant
659 1187 806 1252 natiua-
829 1187 920 1272 prior
931 1185 1146 1252 Sucronensis
1161 1202 1185 1243 ιο

132 1277 260 1360 dicitur,
276 1272 444 1358 maiorque
463 1296 502 1339 ac
519 1292 639 1364 magno
655 1276 736 1340 satis
752 1294 810 1340 ors
821 1277 961 1360 pelagus
975 1275 1147 1359 accipiens,

133 1368 165 1430 ot
185 1384 250 1449 quo
268 1362 374 1447 magis
394 1367 581 1446 penetratur
599 1365 781 1450 angustior,
802 1362 943 1430 Sorcbln
961 1367 995 1428 et
1013 1363 1147 1429 luciam

134 1457 167 1518 et
189 1451 366 1517 Sucronem
388 1468 598 1537 nonmagna
625 1453 746 1537 excipit
773 1453 920 1536 flumina,
947 1452 1045 1517 urbes
1073 1473 1146 1518 con·

131 1542 246 1626 plexus
269 1544 304 1606 et
326 1540 409 1605 alias
432 1541 577 1693 (ididem,
600 1542 656 1606 sed
677 1540 868 1607 notissimas
890 1538 1092 1620 Valentiam,
1114 1545 1148 1606 et

79 1646 112 1696 aa
134 1630 315 1714 Saguntum
333 1629 426 1694 illam
464 1630 504 1695 de
522 1633 620 1715 atque
635 1631 798 1696 aerumnis
809 1628 977 1695 inclutam.
1008 1648 1146 1714 sequens
1161 1644 1186 1685 1⁵

129 1718 298 1784 Ilicitanus
331 1717 484 1783 Allonem
515 1718 617 1784 habet
647 1723 682 1784 et
710 1718 902 1784 Lucentiam
917 1732 920 1739 ’
934 1718 1084 1783 ctnnde
1114 1719 1148 1784 ei

130 1823 250 1873 nomen
282 1809 332 1871 est
350 1805 480 1872 ilicem.
530 1807 584 1872 hic
612 1808 679 1872 iam
706 1812 813 1873 tarrae
844 1808 952 1891 magis
978 1807 1014 1873 in
1043 1808 1147 1872 altum

132 1898 225 1981 eunt,
261 1894 478 1981 latioremque
511 1916 610 1981 quam
645 1896 753 1962 fuerat
782 1895 978 1982 Hispaniam
1014 1895 1147 1962 faciunt.

78 2001 112 2050 94
130 2000 244 2051 rerum
271 1985 314 2049 ab
338 1977 499 2069 hisquae
528 1984 716 2050 dictasunt
742 1985 783 2050 ad
809 1985 971 2070 principia
992 1983 1148 2051 Baeticae

131 2076 260 2158 praeter
283 2071 514 2159 Carthaginem
562 2072 937 2139 usmitan-Poenorum
960 2072 1189 2139 Hasdrubale

132 2162 279 2228 condidit
301 2161 385 2226 nihil
408 2162 535 2227 releren
581 2182 614 2226 m
631 2166 691 2227 cst.
737 2162 772 2226 in
790 2161 880 2228 illius
903 2162 969 2227 oris
987 2161 1148 2248 ignobilia

132 2254 210 2315 sunt
237 2249 358 2333 oppida
384 2255 418 2315 ct
444 2266 583 2335 quormn
614 2251 737 2316 mentio
771 2254 899 2316 tantum
928 2250 969 2314 ad
999 2251 1149 2316 ordinem

132 2338 288 2421 pertinet,
309 2334 389 2402 Urci
411 2338 447 2403 in
465 2340 543 2404 sinu
565 2359 661 2424 quern
682 2339 872 2404 Urcitanum
895 2342 1029 2424 uocant,
1056 2344 1148 2405 extra

131 2424 275 2510 Abdera,
308 2423 399 2511 Suel,
428 2425 492 2513 Ex,
524 2427 699 2514 Maenoba,
731 2428 886 2513 Malaca,
905 2426 1063 2512 Salduba,
1089 2426 1148 2493 La-

79 2532 113 2581 es
133 2515 243 2601 cippo,
272 2511 462 2580 Barbesma
507 2517 546 2581 flt
568 2516 683 2582 deinde
707 2514 976 2602 angustissimum
1003 2517 1188 2602 pelagus,²⁵

133 2606 166 2668 et
197 2603 346 2687 proxima
376 2605 481 2691 inter·¹
494 2624 529 2670 sc
560 2605 720 2690 Europae·
742 2609 848 2690 atque
879 2602 1011 2669 Afmcae
1049 2605 1149 2687 litora

132 2696 258 2757 montes
282 2691 496 2778 efficiunt‚·ut
512 2694 609 2760 initio
632 2690 771 2776 diximus
791 2692 967 2760 Columnae
986 2692 1148 2778 Herculis,

44 2858 50 2869 ἢ,
133 2779 233 2846 Abila
255 2783 289 2845 et
306 2776 434 2868 Calpes,
454 2786 593 2868 uterque
616 2783 746 2869 quidam
770 2783 825 2848 sed
844 2778 961 2868 Calpes
985 2783 1090 2869 magis
1114 2785 1148 2847 et

205 3016 229 3064 1.
249 2998 396 3079 adpellant
414 3010 456 3064 A¹
471 3006 619 3081 appellant
631 3009 672 3065 A²
744 3017 768 3067 2.
788 3010 850 3066 luro
864 3011 892 3065 A
906 3011 981 3065 Iluro
995 3008 1148 3078 Pintiaaus

204 3087 230 3137 4.
249 3078 412 3150 barginonis
426 3079 455 3134 A
478 3080 481 3085 ’
527 3084 555 3136 7.·
571 3080 720 3154 defsorsum
739 3081 805 3152 (fait
822 3082 852 3151 u)
871 3083 899 3136 A
913 3078 1062 3136 Dertosam
1079 3080 1147 3151 Tar·

132 3151 217 3207 sebae
289 3154 313 3206 t.
333 3157 358 3206 8.
381 3150 506 3221 adtingit
528 3150 569 3207 A¹
591 3150 644 3207 at‘
687 3150 709 3206 ‘t
730 3151 772 3207 A’
845 3159 869 3210 9.
891 3156 932 3211 10.
954 3151 1148 3222 promuntorio

133 3222 175 3276 A¹
197 3237 266 3277 corr.
344 3229 386 3278 10.
411 3222 590 3292 supronensis
618 3224 646 3278 A
688 3223 850 3279 coronensis
878 3223 1024 3280 Barbarus
1099 3229 1148 3279 ¹1⁵.

132 3292 269 3361 inclytam
283 3293 311 3347 A
352 3299 394 3348 28.
408 3293 472 3363 ungi
487 3295 512 3348 A
526 3293 593 3349 Urci
609 3294 758 3350 Tcscbacbe
797 3295 890 3350 sinum
903 3297 930 3350 A
975 3294 1149 3364 uirgitanum

133 3365 161 3418 A
174 3363 339 3419 Urcitanum
357 3362 524 3422 Tasciacltc·
560 3371 603 3422 24.
618 3365 716 3420 adeam
731 3366 813 3421 velex
826 3368 854 3421 A
868 3362 989 3434 Abdera,
1005 3364 1079 3434 Suel,
1097 3365 1148 3432 Ex,

135 3433 298 3491 Oioccoaias
350 3441 393 3491 24.
404 3442 447 3491 tt.
462 3435 503 3490 eis
517 3436 632 3490 aldubal
646 3436 769 3507 accipito
778 3439 806 3492 A
815 3437 867 3507 (eis
881 3439 945 3494 adol.
954 3435 1005 3504 Μ)
1016 3435 1147 3504 Salduba,

134 3505 260 3576 Lacippo
269 3507 415 3564 Barbarus
460 3507 913 3578 nnbarbesulapitABarbcsula.
941 3507 1149 3565 fitCiaccom'us
