2378 3930
386 200 587 241 scare'roaas
603 198 759 241 romanoe
1018 176 1040 239 9

120 355 192 396 rere.
224 336 277 394 Sed
291 337 412 394 breviter
426 335 618 393 demonstrabo
635 353 715 409 quam
736 338 869 392 rationem
885 332 981 390 Celsus
996 350 1038 391 se·

123 432 205 480 cutus
220 438 281 478 esse
297 421 429 479 videatur.
458 420 582 495 Spatium
599 420 733 494 quoddam
750 420 782 476 ad
798 419 871 494 quod
887 420 976 475 aditus
991 437 1039 493 pa·

121 514 203 569 teret,
220 507 336 563 vicinum
352 509 376 561 ei
388 506 451 563 loco
464 507 509 579 qui
523 505 591 561 adiri
603 521 658 559 non
672 512 777 578 posset,
793 506 897 578 pertica
913 510 1039 562 accurate

121 591 289 649 metiendum
310 589 430 647 curabat.
466 590 499 645 Et
514 595 580 662 pute
596 596 705 645 centum
727 589 849 662 perticas·
862 587 889 643 in
905 588 1037 643 (innectum

123 678 249 732 inventas
264 692 334 731 esse.
372 675 407 730 Ex
423 674 465 730 his
481 674 503 728 si
521 673 547 728 in
564 672 656 729 tabula
678 673 792 745 quadarn
808 674 933 746 dioptrae
949 670 1039 727 subie-

123 768 166 818 cta
182 760 284 817 iaceret
305 759 401 833 pedem
423 775 523 827 unuin,
546 759 598 813 laoc
614 765 656 812 est
671 767 776 831 partem
798 757 985 824 millesimam,
1008 772 1039 812 ac

84 888 88 895 .
122 845 219 902 deinde
241 847 269 899 iu
283 843 507 899 extremitatibus
535 850 623 898 rectae
645 841 720 898 illius
741 851 851 898 centum
872 842 1038 915 perticarum

123 930 210 985 lineae
238 928 353 1000 angulos
379 929 523 984 metiretur
546 925 579 980 ad
605 934 709 983 certum
737 926 870 1000 quoddam
896 932 1038 999 punctum,

123 1013 196 1087 quod
218 1012 359 1069 summitas
381 1012 510 1084 trianguli
532 1009 627 1078 fieret,
654 1028 738 1084 porro
761 1013 811 1067 hos
832 1011 901 1067 duos
922 1009 1039 1083 angulos

123 1098 259 1170 redigeret
274 1099 302 1152 in
319 1113 377 1153 eam
393 1113 473 1170 qnam
489 1096 542 1151 dixi
558 1093 677 1151 tabulam
700 1094 791 1169 ibique
808 1093 974 1168 triangulum
989 1093 1039 1148 du·

124 1191 213 1252 earet,
229 1184 343 1254 eiusque
361 1181 489 1253 trianguli
505 1183 532 1236 in
549 1178 642 1236 tabula
656 1181 751 1252 scripti
764 1181 848 1235 latera
861 1177 1038 1235 subtilissime
1120 1202 1124 1208 ·

122 1269 267 1325 metiretur
288 1283 402 1338 eamque
423 1281 577 1320 mensuram
593 1262 690 1319 millies
706 1266 834 1335 duceret,
850 1261 1040 1319 efficiebantur

123 1352 206 1426 perles
228 1353 287 1406 eius
309 1349 456 1422 trianguli,
477 1349 555 1405 cuius
577 1351 604 1404 in
629 1350 752 1405 terrestri
775 1351 864 1422 spatio
880 1364 963 1403 uniam
981 1353 1039 1401 tan-

123 1436 264 1493 tummodo
280 1434 353 1490 latus
369 1435 442 1490 adire
457 1433 561 1489 liceret.
597 1432 665 1489 Hinc
681 1436 768 1489 omnia
786 1433 865 1489 iacile
881 1434 978 1505 peragi·
990 1448 1039 1504 po·

124 1529 216 1577 terant
232 1535 301 1592 quae
315 1518 414 1575 Balbus
430 1534 459 1574 se
474 1519 541 1574 dicit
561 1526 718 1574 exsecutum
735 1533 795 1574 esse
810 1533 859 1591 per
874 1517 1008 1573 rationem
1024 1533 1039 1570 a

123 1598 388 1675 mmmmm&

187 1688 265 1743 Certe
281 1687 375 1743 Celsus
392 1687 418 1741 in
435 1686 465 1742 ea
481 1703 510 1741 re
525 1704 593 1742 usus
609 1695 652 1742 est
667 1686 784 1760 dioptra,
800 1702 869 1760 quae
884 1684 1039 1740 iamdudum

124 1782 188 1830 nota
205 1781 280 1829 esset
297 1803 333 1813 -
353 1789 413 1827 nam
429 1771 488 1845 ipsa
504 1772 691 1844 antiquissima
714 1789 808 1845 gronra
824 1770 949 1844 dioptrae
966 1768 1038 1824 simi-

123 1858 158 1913 lis
170 1858 237 1926 ¹init,
253 1864 336 1929 atque
352 1856 386 1911 ad
400 1856 611 1929 perlibrationes
628 1857 751 1928 dioptrae
768 1873 835 1911 usus
850 1858 902 1910 iam
917 1861 980 1910 ante
996 1852 1040 1906 Vi·

125 1945 243 1997 truvium
259 1940 386 2012 vulgatus
403 1935 488 2010 erat⁸l
505 1970 543 1978 —
566 1939 613 1994 sed
629 1955 724 1994 novam
740 1940 799 1994 eius
815 1937 982 1994 adhibendae
997 1953 1040 1991 ra-

127 2026 229 2081 tionem
247 2025 374 2079 Romanis
391 2026 495 2096 primus
511 2022 707 2078 demonstravit
722 2022 825 2078 Celsus.

188 2110 241 2163 lam
254 2124 318 2163 voro
330 2109 472 2163 redeamus
482 2106 515 2161 ad
524 2105 644 2162 Balbum.
667 2106 701 2162 Ut
710 2106 806 2163 Celsus
822 2121 921 2161 novum
937 2104 1040 2158 instru-

125 2194 210 2248 menti
226 2208 306 2247 usum
322 2194 427 2264 primus
442 2190 564 2261 tradidit,
581 2190 618 2246 ita
632 2185 773 2262 Balbum
788 2191 867 2247 Celso
884 2188 1041 2258 institutus,

124 2278 230 2351 primus
246 2277 366 2331 omnium
383 2292 440 2332 cam
456 2292 513 2332 rem
530 2275 563 2331 ad
578 2275 722 2331 militarem
738 2293 817 2332 usum
833 2271 990 2342 transtulit,
1012 2271 1038 2326 id

125 2362 199 2436 quod
217 2364 275 2433 ipse
291 2359 369 2433 plane
386 2377 416 2416 ac
431 2359 548 2416 dilucide
564 2356 695 2436 scribit⁷).
733 2361 797 2416 lnde
818 2356 1041 2416 venerabilis

124 2445 299 2516 trianguli
322 2440 441 2516 ratio⁸l
463 2444 496 2500 ab
512 2460 544 2499 eo
561 2444 703 2515 laudatur,
725 2463 777 2518 qua
800 2452 889 2500 tantas
903 2458 947 2497 res
963 2441 1040 2498 adsc-

122 2561 280 2569 ---
289 2560 327 2566 ...-

191 2614 217 2671 5)
242 2611 282 2658 Ne
307 2611 366 2672 quis
389 2610 477 2659 minus
500 2617 575 2659 recte
599 2610 668 2660 haec
693 2609 854 2673 intellegat,
879 2607 1039 2669 neutiquam

126 2694 185 2728 eam
212 2683 296 2726 artem
322 2677 415 2725 docuit
438 2677 576 2727 Romanos
599 2676 709 2738 Celsus,
741 2691 822 2741 quarn
846 2690 895 2723 nos
918 2674 1040 2738 trigono·

124 2746 250 2794 metriam
274 2759 419 2801 vocamus,
443 2744 491 2793 ubi
516 2745 677 2809 angulorum
701 2750 764 2794 sant
787 2756 932 2791 mensurae
956 2742 1041 2790 cerlis

124 2815 245 2862 numeris
265 2826 425 2875 expressae3
445 2812 493 2861 sed
505 2812 693 2861 tantummodo
707 2811 734 2860 id
747 2810 957 2870 demonstravit,
977 2823 1040 2871 quo·

125 2880 203 2929 modo
222 2879 360 2943 triangulo
381 2879 547 2943 amplissimo
567 2882 657 2945 eique,
678 2883 709 2927 ut
726 2878 766 2926 ita
785 2877 884 2938 dicam,
903 2875 1040 2936 terrestri,

126 2949 202 2997 cuius
221 2962 303 2995 unum
323 2945 396 2995 latus
414 2951 507 2994 notum
528 2951 612 3002 esset,
634 2946 724 2995 simile
744 2943 828 2993 multo
847 2944 936 2992 minua
953 2943 1040 2991 trian-

126 3014 219 3130 gulam
243 3016 271 3062 in
295 3012 393 3061 tabula
417 3013 533 3077 quadam
552 3013 672 3063 describi
694 3018 800 3076 posset,
826 3026 878 3074 quo
898 3008 1042 3059 'subtiliter

144 3082 249 3131 imenso
270 3086 297 3130 et
316 3079 547 3143 multiplicatione
574 3081 651 3130 facta
674 3084 788 3145 possent
811 3079 930 3127 inveniri
949 3078 1042 3126 latera

125 3165 218 3275 ΜΣ)
231 3147 551 3268 ‘tf‘ttltiftttta
571 3216 599 3264 11
617 3231 643 3279 ρ.
663 3216 713 3264 aas
787 3214 894 3266 var-u.
912 3214 936 3270 s,
955 3215 971 3263 5
990 3213 999 3274 r
1018 3211 1040 3274 >.

193 3284 219 3345 7)
239 3284 269 3333 Ρ.
283 3285 323 3343 92,
339 3284 448 3342 11—93,
468 3286 491 3333 3.
529 3282 639 3332 Celsum
659 3298 719 3332 curn
737 3282 826 3331 Balbo
845 3281 886 3330 illi
905 3280 979 3330 bello
998 3282 1040 3328 in-

125 3352 257 3401 terfuisse
277 3350 419 3399 existimat
430 3350 616 3400 blommsenus
634 3351 663 3407 ll
681 3367 706 3414 p.
720 3352 781 3409 1473
800 3349 868 3398 mihi
884 3354 944 3398 tota
962 3362 1042 3413 prae-

124 3418 194 3467 fatio
213 3418 297 3468 multo
318 3417 401 3465 aliter
418 3417 674 3468 Balbo'scribenda
693 3418 779 3467 fuisse
797 3418 914 3479 videtur,
935 3417 959 3466 si
978 3413 1040 3463 Cel-

123 3500 172 3536 aus
191 3492 297 3551 partem
317 3485 439 3534 eiusdem
459 3485 643 3550 expeditionis
662 3487 792 3551 cepisset.

192 3554 219 3616 8)
243 3554 273 3603 P.
299 3554 345 3617 93,
374 3554 387 3600 l
417 3551 489 3602 haec
519 3552 661 3618 leguntur:
692 3554 921 3617 expugnandorum
948 3551 1041 3599 detrude
