2378 3930
91 228 135 294 38
446 225 589 283 MINUGII
606 225 747 282 FELICIS

90 373 235 458 perditae
261 371 381 437 mentis
407 372 443 435 in
469 372 536 436 ista
563 370 708 436 decidere
735 374 769 435 et
794 370 901 456 ipsam
924 370 1105 436 errantium

90 462 220 527 turbam
243 464 357 526 mutua
380 459 444 525 sibi
466 459 649 544 patrocinia
670 459 860 544 praestare?
888 459 936 524 sic
958 458 1104 524 defensio

38 550 271 617 2dcommunis
298 549 418 614 furoris
442 553 493 613 est
514 548 693 613 furentium
715 546 899 614 multitudo.
936 549 973 612 at
994 550 1105 612 tamen

90 640 156 704 ista
191 637 264 723 ipsa
300 637 488 723 superstitio
520 637 677 702 Romanis
715 636 804 701 dedit
835 636 925 702 auxit
955 635 1105 700 fundauit

90 727 276 812 imperium,
308 747 381 791 cum
413 748 481 791 non
511 729 581 791 tam
610 726 733 790 uirtute
760 746 858 810 quarn
884 724 1046 810 religione
1072 728 1138 790 ets

90 816 212 900 pietate
233 815 402 900 pollerent.
438 814 592 879 nimirum
614 813 754 898 insignis
776 817 811 878 et
832 812 953 878 nobilis
976 813 1104 878 iustitia

90 903 241 969 Romana
262 905 303 969 ab
326 903 407 988 ipsis
429 902 558 987 imperii
579 902 744 968 nascentis
767 902 972 968 incunabulis
995 903 1104 986 auspi-

56 995 165 1058 scata
188 995 246 1058 est.
282 1012 393 1058 nonne
414 992 450 1056 in
472 995 545 1057 ortu
574 1013 632 1057 suo
660 994 737 1056 sunt
765 991 886 1056 scelere
913 990 1043 1056 collecti
1071 994 1103 1056 et

90 1081 209 1146 muniti
227 1080 443 1146 immanitatis
462 1102 539 1146 suae
557 1083 682 1145 terrore
701 1078 891 1145 creuerunt?
913 1100 992 1143 nam
1010 1081 1103 1163 asylo

90 1169 196 1253 prima
217 1171 310 1254 plebs
330 1173 529 1255 congregata
547 1172 611 1233 est:
635 1168 857 1235 confluxerant
873 1168 1003 1252 perditi,
1026 1167 1138 1232 iaci-1⁰

90 1259 209 1342 nerosi,
230 1258 353 1343 incesti,
377 1258 494 1341 sicarii,
516 1256 712 1342 proditores3
734 1262 769 1322 et
790 1260 828 1321 ut
850 1256 921 1341 ipse
943 1256 1101 1322 Romulus

90 1344 268 1430 imperator
282 1349 315 1408 et
327 1350 436 1411 rector
449 1346 605 1429 populum
620 1368 714 1411 snum
727 1345 870 1411 facinore
882 1345 1101 1430 praecelleret,

89 1432 298 1517 parricidium
321 1432 407 1499 fecit
444 1434 524 1499 haec
546 1435 653 1518 prima
672 1437 749 1500 sunt
766 1434 911 1518 auspicia
929 1433 1101 1520 religiosae

54 1520 242 1589 sciuitatis.
278 1544 354 1587 mox
377 1522 500 1587 alienas
522 1522 668 1607 uirgines
690 1524 770 1604 [ism
788 1522 1017 1606 desponsatus]
1038 1523 1101 1588 iam

90 1608 271 1675 destinatas
285 1614 319 1675 et
332 1611 507 1676 nonnullas
521 1610 559 1674 de
578 1611 787 1677 matrimonio
805 1612 1012 1676 mulierculas
1032 1612 1136 1677 sinere

90 1720 179 1763 more
205 1700 315 1784 rapuit
336 1699 474 1764 uiolauit
491 1699 606 1764 inlusit
628 1702 661 1763 et
679 1720 753 1764 curn
770 1722 882 1765 earum
901 1702 1102 1785 parentibus,

89 1786 123 1851 id
145 1791 196 1852 est
218 1809 291 1853 cum
314 1788 435 1854 soeeris
459 1788 540 1872 suis,
567 1788 690 1853 bellum
713 1789 856 1873 miscuit,
884 1790 1101 1874 propinquum

90 1877 284 1960 sanguinem
320 1876 412 1942 fudit.
453 1875 530 1962 quid
560 1874 795 1963 inreligiosius,
831 1878 907 1962 qnid
939 1877 1101 1961 audacius,

53 1980 70 2027 4
90 1964 168 2049 quid
195 1964 267 2049 ipsa
296 1966 425 2031 sceleris
449 1964 642 2031 confidentia
665 1965 828 2031 astutius?
855 1966 921 2031 iam
943 1966 1099 2048 finitimos

89 2074 168 2139 agro
192 2056 326 2139 pellere,
349 2055 496 2120 ciuitates
520 2054 684 2138 proximas
708 2058 849 2119 euertere
873 2076 945 2119 cum
968 2056 1099 2138 templis
1113 2073 1136 2112 11

89 2146 121 2207 et
153 2143 322 2227 altaribus,
354 2149 468 2227 captos
501 2164 628 2228 cogere,
661 2143 787 2208 damnis
820 2142 934 2208 alienis
967 2147 999 2208 et
1033 2145 1099 2208 suis

88 2232 262 2297 sceleribus
290 2232 472 2296 adolescere
500 2254 573 2296 cum
596 2231 736 2298 Romulo
764 2232 896 2318 regibus
924 2231 1039 2297 esteris
1069 2235 1100 2296 et

55 2324 165 2402 epost
188 2320 384 2402 reipublicae
409 2320 542 2385 ducibus
567 2320 739 2405 disciplina
759 2320 939 2386 communis
959 2323 1017 2384 est.
1053 2321 1100 2384 ita

90 2406 241 2490 quicquid
274 2406 413 2471 Romani
445 2412 559 2472 tenent
590 2411 701 2474 colunt
733 2410 916 2492 possident,
948 2408 1099 2474 audaciae

89 2493 208 2578 praeda
226 2497 290 2558 est:
313 2496 437 2580 templa
456 2498 565 2560 omnia
583 2497 622 2560 de
641 2498 813 2581 manubiis,
831 2498 864 2561 id
878 2502 928 2562 est
942 2496 980 2561 de
994 2498 1098 2562 ruinis
1111 2514 1135 2556 11

89 2583 230 2667 urbium,
259 2583 298 2648 de
326 2585 438 2668 spoliis
465 2583 612 2669 deorum,
641 2585 679 2649 de
707 2585 859 2651 caedibus
888 2586 1098 2651 sacerdotum

89 2671 150 2735 hoc
169 2671 325 2738 insultare
344 2677 376 2738 et
362 2673 538 2738 tinludere
555 2678 613 2757 est,
633 2673 726 2738 uictis
741 2674 953 2759 religionibus
969 2674 1099 2757 seruire,

90 2761 234 2843 captiuas
253 2785 307 2826 eas
326 2767 402 2845 post
420 2764 487 2827 uiet
489 2764 572 2827 orias
593 2762 735 2827 adorare.
766 2785 842 2828 nam
863 2763 996 2828 adorare
1016 2784 1098 2846 quae

89 2870 188 2913 manu
207 2851 337 2933 ceperis,
361 2851 565 2935 sacrilegium
586 2855 635 2915 est
653 2873 851 2935 consecrare,
870 2873 936 2915 non
954 2852 1099 2917 numina.

53 2937 208 3006 ebobiens
242 2957 319 3021 ergo
348 2937 504 3004 Romanis
536 2940 694 3025 inpiatum
727 2945 778 3006 est
805 2940 953 3024 quotiens
986 2940 1098 3004 trium-
1112 2959 1137 2998 11

160 3153 173 3201 1
195 3147 322 3201 decidere
340 3149 452 3229 scripsi:
471 3147 597 3218 desipere
615 3155 635 3201 P
652 3150 662 3218 11
680 3155 696 3203 2
716 3147 756 3203 sic
776 3149 968 3274 Ψ11111111111111
987 3148 1035 3203 luc
1053 3155 1073 3201 P
1091 3150 1100 3219 ¹

87 3208 1098 3303 41111121171111111112118111ε11111111111111111121141111-

88 3309 162 3363 grms
176 3296 195 3341 P
212 3290 239 3358 1
231 3308 287 3344 ram
306 3290 488 3371 desponsatas
506 3292 615 3346 seclusit
633 3290 766 3346 Useacrus
779 3293 789 3360 1
804 3297 836 3345 19
852 3290 971 3345 astutius
986 3292 1099 3358 scripsi.-

84 3363 176 3420 tutins
199 3367 218 3412 P
239 3361 352 3443 turpius
371 3361 539 3416 Dombartus
561 3363 679 3416 taetrius
698 3362 830 3416 Halmius
851 3365 861 3433 1
884 3366 917 3416 23
940 3363 1091 3431 1111111111

85 3433 200 3504 scripsi:
216 3431 367 3503 postremis
384 3438 404 3484 P
422 3432 541 3502 posteris
559 3433 697 3488 Desistas
714 3435 779 3500 post
796 3449 877 3503 reges
896 3379 1100 3513 Wopkerreiusl

74 3512 114 3566 -28
139 3505 236 3562 malim
260 3505 392 3580 captiuos
417 3503 486 3563 deos
511 3505 566 3590 (est
586 3501 675 3560 uictis
694 3503 898 3571 religionious
917 3516 980 3553 non
997 3519 1103 3554 11111111

57 3580 204 3652 Kochaba)
216 3582 232 3654 11
246 3588 281 3640 29
301 3583 402 3641 malim
424 3584 469 3640 est
490 3577 690 3648 saerilegium
