<?xml version="1.0" encoding="UTF-8"?>
<!DOCTYPE html PUBLIC "-//W3C//DTD XHTML 1.0 Transitional//EN"
    "http://www.w3.org/TR/xhtml1/DTD/xhtml1-transitional.dtd">
<html xmlns="http://www.w3.org/1999/xhtml" xml:lang="en" lang="en">
 <head>
  <title>
</title>
<meta http-equiv="Content-Type" content="text/html;charset=utf-8" />
  <meta name='ocr-system' content='tesseract 3.04.00' />
  <meta name='ocr-capabilities' content='ocr_page ocr_carea ocr_par ocr_line ocrx_word'/>
</head>
<body>
  <div class='ocr_page' id='page_1' title='image "./pomponiimelaede02melagoog_0502.png"; bbox 0 0 2378 3930; ppageno 0'>
   <div class='ocr_carea' id='block_1_1' title="bbox 402 213 1084 276">
    <p class='ocr_par' dir='ltr' id='par_1_1' title="bbox 402 213 1084 276">
     <span class='ocr_line' id='line_1_1' title="bbox 402 213 1084 276; baseline -0.006 -6"><span class='ocrx_word' id='word_1_1' title='bbox 402 213 583 270; x_wconf 82' lang='lat' dir='ltr'>OCTAVIUS</span> <span class='ocrx_word' id='word_1_2' title='bbox 602 232 626 269; x_wconf 93' lang='lat' dir='ltr'>c.</span> <span class='ocrx_word' id='word_1_3' title='bbox 646 220 689 269; x_wconf 77' lang='lat'>27.</span> <span class='ocrx_word' id='word_1_4' title='bbox 709 220 750 270; x_wconf 79' lang='lat'>28.</span> <span class='ocrx_word' id='word_1_5' title='bbox 1041 213 1084 276; x_wconf 82' lang='grc'>45</span> 
     </span>
    </p>
   </div>
   <div class='ocr_carea' id='block_1_2' title="bbox 35 357 1144 2655">
    <p class='ocr_par' dir='ltr' id='par_1_2' title="bbox 35 357 1144 2655">
     <span class='ocr_line' id='line_1_2' title="bbox 72 357 1084 444; baseline -0.002 -21"><span class='ocrx_word' id='word_1_6' title='bbox 72 359 192 444; x_wconf 83' lang='lat' dir='ltr'>magis,</span> <span class='ocrx_word' id='word_1_7' title='bbox 217 381 285 424; x_wconf 92' lang='lat' dir='ltr'>non</span> <span class='ocrx_word' id='word_1_8' title='bbox 308 363 344 423; x_wconf 90' lang='lat' dir='ltr'>ut</span> <span class='ocrx_word' id='word_1_9' title='bbox 368 358 584 423; x_wconf 88' lang='lat' dir='ltr'>diffiterentur</span> <span class='ocrx_word' id='word_1_10' title='bbox 608 381 641 423; x_wconf 91' lang='lat' dir='ltr'>se</span> <span class='ocrx_word' id='word_1_11' title='bbox 666 357 883 438; x_wconf 80' lang='lat' dir='ltr'>Christianos,</span> <span class='ocrx_word' id='word_1_12' title='bbox 907 358 963 421; x_wconf 91' lang='lat' dir='ltr'>sed</span> <span class='ocrx_word' id='word_1_13' title='bbox 986 361 1023 421; x_wconf 87' lang='lat' dir='ltr'>ut</span> <span class='ocrx_word' id='word_1_14' title='bbox 1046 358 1084 421; x_wconf 92' lang='lat' dir='ltr'>de</span> 
     </span>
     <span class='ocr_line' id='line_1_3' title="bbox 72 446 1084 531; baseline 0 -21"><span class='ocrx_word' id='word_1_15' title='bbox 72 448 204 512; x_wconf 80' lang='lat' dir='ltr'><strong>incestis</strong></span> <span class='ocrx_word' id='word_1_16' title='bbox 233 448 368 531; x_wconf 87' lang='lat' dir='ltr'>stupris,</span> <span class='ocrx_word' id='word_1_17' title='bbox 396 447 435 511; x_wconf 92' lang='lat' dir='ltr'>de</span> <span class='ocrx_word' id='word_1_18' title='bbox 462 447 596 531; x_wconf 79' lang='lat' dir='ltr'>inpiatis</span> <span class='ocrx_word' id='word_1_19' title='bbox 621 447 733 529; x_wconf 87' lang='lat' dir='ltr'>sacris,</span> <span class='ocrx_word' id='word_1_20' title='bbox 762 448 801 511; x_wconf 92' lang='lat' dir='ltr'>de</span> <span class='ocrx_word' id='word_1_21' title='bbox 824 447 1002 511; x_wconf 89' lang='lat' dir='ltr'>infantibus</span> <span class='ocrx_word' id='word_1_22' title='bbox 1026 446 1084 510; x_wconf 89' lang='lat' dir='ltr'>im-</span> 
     </span>
     <span class='ocr_line' id='line_1_4' title="bbox 73 535 1120 601; baseline 0.001 -2"><span class='ocrx_word' id='word_1_23' title='bbox 73 535 206 601; x_wconf 90' lang='lat' dir='ltr'>molatis</span> <span class='ocrx_word' id='word_1_24' title='bbox 243 535 433 600; x_wconf 88' lang='lat' dir='ltr'>faterentur.</span> <span class='ocrx_word' id='word_1_25' title='bbox 478 535 530 600; x_wconf 88' lang='lat' dir='ltr'>hie</span> <span class='ocrx_word' id='word_1_26' title='bbox 563 536 650 599; x_wconf 91' lang='lat' dir='ltr'>enirn</span> <span class='ocrx_word' id='word_1_27' title='bbox 682 539 715 599; x_wconf 92' lang='lat' dir='ltr'>et</span> <span class='ocrx_word' id='word_1_28' title='bbox 747 535 933 600; x_wconf 85' lang='lat' dir='ltr'>huiusmodi</span> <span class='ocrx_word' id='word_1_29' title='bbox 965 535 1120 600; x_wconf 84' lang='lat' dir='ltr'>fabulise</span> 
     </span>
     <span class='ocr_line' id='line_1_5' title="bbox 72 623 1086 707; baseline 0 -19"><span class='ocrx_word' id='word_1_30' title='bbox 72 625 159 688; x_wconf 92' lang='lat' dir='ltr'>idem</span> <span class='ocrx_word' id='word_1_31' title='bbox 183 625 355 689; x_wconf 89' lang='lat' dir='ltr'>daemones</span> <span class='ocrx_word' id='word_1_32' title='bbox 380 626 420 689; x_wconf 91' lang='lat' dir='ltr'>ad</span> <span class='ocrx_word' id='word_1_33' title='bbox 442 625 679 689; x_wconf 79' lang='lat' dir='ltr'>execrationem</span> <span class='ocrx_word' id='word_1_34' title='bbox 698 623 842 689; x_wconf 86' lang='lat' dir='ltr'>horroris</span> <span class='ocrx_word' id='word_1_35' title='bbox 861 623 1086 707; x_wconf 89' lang='lat' dir='ltr'>imperitorum</span> 
     </span>
     <span class='ocr_line' id='line_1_6' title="bbox 45 713 1087 778; baseline -0.003 -1"><span class='ocrx_word' id='word_1_36' title='bbox 45 734 166 777; x_wconf 79' lang='lat' dir='ltr'>acures</span> <span class='ocrx_word' id='word_1_37' title='bbox 204 713 357 778; x_wconf 89' lang='lat' dir='ltr'>aduersus</span> <span class='ocrx_word' id='word_1_38' title='bbox 395 735 454 778; x_wconf 86' lang='lat' dir='ltr'>nos</span> <span class='ocrx_word' id='word_1_39' title='bbox 486 713 691 777; x_wconf 82' lang='lat' dir='ltr'>retorserant.</span> <span class='ocrx_word' id='word_1_40' title='bbox 734 734 795 778; x_wconf 87' lang='lat' dir='ltr'>nee</span> <span class='ocrx_word' id='word_1_41' title='bbox 826 716 937 776; x_wconf 88' lang='lat' dir='ltr'>tamen</span> <span class='ocrx_word' id='word_1_42' title='bbox 970 713 1087 775; x_wconf 88' lang='lat' dir='ltr'>mirum</span> 
     </span>
     <span class='ocr_line' id='line_1_7' title="bbox 73 800 1086 886; baseline -0.002 -19"><span class='ocrx_word' id='word_1_43' title='bbox 73 802 241 885; x_wconf 86' lang='lat' dir='ltr'>omissum,</span> <span class='ocrx_word' id='word_1_44' title='bbox 264 823 336 866; x_wconf 91' lang='lat' dir='ltr'>cum</span> <span class='ocrx_word' id='word_1_45' title='bbox 359 802 456 886; x_wconf 86' lang='lat' dir='ltr'>fama,</span> <span class='ocrx_word' id='word_1_46' title='bbox 480 823 561 886; x_wconf 85' lang='lat' dir='ltr'>quae</span> <span class='ocrx_word' id='word_1_47' title='bbox 586 823 712 884; x_wconf 80' lang='lat' dir='ltr'>semper</span> <span class='ocrx_word' id='word_1_48' title='bbox 733 801 890 886; x_wconf 81' lang='lat' dir='ltr'>insparsis</span> <span class='ocrx_word' id='word_1_49' title='bbox 910 800 1086 865; x_wconf 81' lang='lat' dir='ltr'>mendaciis</span> 
     </span>
     <span class='ocr_line' id='line_1_8' title="bbox 74 889 1121 968; baseline 0.002 -16"><span class='ocrx_word' id='word_1_50' title='bbox 74 889 181 968; x_wconf 86' lang='lat' dir='ltr'>alitur,</span> <span class='ocrx_word' id='word_1_51' title='bbox 206 893 336 955; x_wconf 85' lang='lat' dir='ltr'>ostensa</span> <span class='ocrx_word' id='word_1_52' title='bbox 358 891 497 955; x_wconf 85' lang='lat' dir='ltr'>ueritate</span> <span class='ocrx_word' id='word_1_53' title='bbox 521 891 731 954; x_wconf 89' lang='lat' dir='ltr'>consumitur.</span> <span class='ocrx_word' id='word_1_54' title='bbox 768 892 815 953; x_wconf 86' lang='lat' dir='ltr'>sic</span> <span class='ocrx_word' id='word_1_55' title='bbox 834 892 884 953; x_wconf 88' lang='lat' dir='ltr'>eet</span> <span class='ocrx_word' id='word_1_56' title='bbox 906 909 965 953; x_wconf 92' lang='lat' dir='ltr'>nec</span> <span class='ocrx_word' id='word_1_57' title='bbox 985 889 1086 953; x_wconf 90' lang='lat' dir='ltr'>otium</span> <span class='ocrx_word' id='word_1_58' title='bbox 1107 909 1121 954; x_wconf 78' lang='lat' dir='ltr'>s</span> 
     </span>
     <span class='ocr_line' id='line_1_9' title="bbox 75 977 1087 1061; baseline -0.002 -20"><span class='ocrx_word' id='word_1_59' title='bbox 75 978 280 1060; x_wconf 71' lang='lat' dir='ltr'>daemonum,</span> <span class='ocrx_word' id='word_1_60' title='bbox 308 978 348 1043; x_wconf 90' lang='lat' dir='ltr'>ab</span> <span class='ocrx_word' id='word_1_61' title='bbox 372 978 453 1061; x_wconf 88' lang='lat' dir='ltr'>ipsis</span> <span class='ocrx_word' id='word_1_62' title='bbox 479 979 566 1041; x_wconf 89' lang='lat' dir='ltr'>enim</span> <span class='ocrx_word' id='word_1_63' title='bbox 593 1000 704 1042; x_wconf 90' lang='lat' dir='ltr'>rumor</span> <span class='ocrx_word' id='word_1_64' title='bbox 732 977 833 1042; x_wconf 86' lang='lat' dir='ltr'>falsus</span> <span class='ocrx_word' id='word_1_65' title='bbox 858 981 890 1041; x_wconf 91' lang='lat' dir='ltr'>et</span> <span class='ocrx_word' id='word_1_66' title='bbox 913 977 1032 1042; x_wconf 87' lang='lat' dir='ltr'>seritur</span> <span class='ocrx_word' id='word_1_67' title='bbox 1054 980 1087 1040; x_wconf 90' lang='lat' dir='ltr'>et</span> 
     </span>
     <span class='ocr_line' id='line_1_10' title="bbox 74 1066 1086 1150; baseline -0.001 -21"><span class='ocrx_word' id='word_1_68' title='bbox 74 1066 212 1131; x_wconf 87' lang='lat' dir='ltr'>fouetur.</span> <span class='ocrx_word' id='word_1_69' title='bbox 242 1066 316 1130; x_wconf 95' lang='lat' dir='ltr'>inde</span> <span class='ocrx_word' id='word_1_70' title='bbox 335 1067 489 1150; x_wconf 88' lang='lat' dir='ltr'>estquod</span> <span class='ocrx_word' id='word_1_71' title='bbox 509 1067 620 1130; x_wconf 90' lang='lat' dir='ltr'>audire</span> <span class='ocrx_word' id='word_1_72' title='bbox 637 1070 670 1131; x_wconf 88' lang='lat' dir='ltr'>te</span> <span class='ocrx_word' id='word_1_73' title='bbox 689 1066 778 1149; x_wconf 84' lang='lat' dir='ltr'>dicis,</span> <span class='ocrx_word' id='word_1_74' title='bbox 797 1069 895 1150; x_wconf 89' lang='lat' dir='ltr'>caput</span> <span class='ocrx_word' id='word_1_75' title='bbox 914 1066 999 1130; x_wconf 89' lang='lat' dir='ltr'>asini</span> <span class='ocrx_word' id='word_1_76' title='bbox 1018 1087 1086 1129; x_wconf 89' lang='lat' dir='ltr'>rem</span> 
     </span>
     <span class='ocr_line' id='line_1_11' title="bbox 35 1153 1087 1239; baseline 0.001 -22"><span class='ocrx_word' id='word_1_77' title='bbox 35 1179 60 1217; x_wconf 87' lang='lat'>10</span> <span class='ocrx_word' id='word_1_78' title='bbox 73 1155 169 1218; x_wconf 89' lang='lat' dir='ltr'>nobis</span> <span class='ocrx_word' id='word_1_79' title='bbox 193 1175 262 1219; x_wconf 88' lang='lat' dir='ltr'>esse</span> <span class='ocrx_word' id='word_1_80' title='bbox 285 1154 438 1219; x_wconf 89' lang='lat' dir='ltr'>diuinam.</span> <span class='ocrx_word' id='word_1_81' title='bbox 480 1156 552 1239; x_wconf 91' lang='lat' dir='ltr'>quis</span> <span class='ocrx_word' id='word_1_82' title='bbox 576 1159 645 1219; x_wconf 87' lang='lat' dir='ltr'>tam</span> <span class='ocrx_word' id='word_1_83' title='bbox 671 1155 803 1232; x_wconf 80' lang='lat' dir='ltr'>stultns,</span> <span class='ocrx_word' id='word_1_84' title='bbox 830 1159 867 1218; x_wconf 89' lang='lat' dir='ltr'>ut</span> <span class='ocrx_word' id='word_1_85' title='bbox 892 1155 954 1219; x_wconf 91' lang='lat' dir='ltr'>hoc</span> <span class='ocrx_word' id='word_1_86' title='bbox 978 1153 1087 1218; x_wconf 76' lang='lat' dir='ltr'>colat?</span> 
     </span>
     <span class='ocr_line' id='line_1_12' title="bbox 75 1242 1088 1327; baseline -0.001 -21"><span class='ocrx_word' id='word_1_87' title='bbox 75 1243 147 1327; x_wconf 90' lang='lat' dir='ltr'>quis</span> <span class='ocrx_word' id='word_1_88' title='bbox 175 1243 319 1326; x_wconf 86' lang='lat' dir='ltr'>stultior,</span> <span class='ocrx_word' id='word_1_89' title='bbox 346 1245 383 1307; x_wconf 90' lang='lat' dir='ltr'>ut</span> <span class='ocrx_word' id='word_1_90' title='bbox 410 1243 473 1309; x_wconf 91' lang='lat' dir='ltr'>hoc</span> <span class='ocrx_word' id='word_1_91' title='bbox 500 1244 564 1309; x_wconf 89' lang='lat' dir='ltr'>coli</span> <span class='ocrx_word' id='word_1_92' title='bbox 591 1242 723 1308; x_wconf 80' lang='lat' dir='ltr'>credat?</span> <span class='ocrx_word' id='word_1_93' title='bbox 759 1243 824 1306; x_wconf 90' lang='lat' dir='ltr'>nisi</span> <span class='ocrx_word' id='word_1_94' title='bbox 853 1242 940 1327; x_wconf 90' lang='lat' dir='ltr'>qnod</span> <span class='ocrx_word' id='word_1_95' title='bbox 967 1264 1026 1307; x_wconf 88' lang='lat' dir='ltr'>uos</span> <span class='ocrx_word' id='word_1_96' title='bbox 1055 1247 1088 1306; x_wconf 92' lang='lat' dir='ltr'>et</span> 
     </span>
     <span class='ocr_line' id='line_1_13' title="bbox 73 1330 1087 1414; baseline 0.001 -19"><span class='ocrx_word' id='word_1_97' title='bbox 73 1335 163 1396; x_wconf 92' lang='lat' dir='ltr'>totos</span> <span class='ocrx_word' id='word_1_98' title='bbox 194 1331 303 1396; x_wconf 88' lang='lat' dir='ltr'>asinos</span> <span class='ocrx_word' id='word_1_99' title='bbox 331 1332 365 1395; x_wconf 94' lang='lat' dir='ltr'>in</span> <span class='ocrx_word' id='word_1_100' title='bbox 394 1332 531 1397; x_wconf 87' lang='lat' dir='ltr'>stabulis</span> <span class='ocrx_word' id='word_1_101' title='bbox 559 1354 631 1396; x_wconf 87' lang='lat' dir='ltr'>cum</span> <span class='ocrx_word' id='word_1_102' title='bbox 655 1330 758 1396; x_wconf 89' lang='lat' dir='ltr'>Vesta</span> <span class='ocrx_word' id='word_1_103' title='bbox 785 1333 837 1396; x_wconf 87' lang='lat' dir='ltr'>uel</span> <span class='ocrx_word' id='word_1_104' title='bbox 864 1330 983 1414; x_wconf 78' lang='lat' dir='ltr'>Epona</span> <span class='ocrx_word' id='word_1_105' title='bbox 1011 1353 1087 1396; x_wconf 92' lang='lat' dir='ltr'>con-</span> 
     </span>
     <span class='ocr_line' id='line_1_14' title="bbox 75 1419 1087 1504; baseline 0.001 -20"><span class='ocrx_word' id='word_1_106' title='bbox 75 1419 207 1484; x_wconf 87' lang='lat' dir='ltr'>secratis</span> <span class='ocrx_word' id='word_1_107' title='bbox 235 1423 269 1483; x_wconf 89' lang='lat' dir='ltr'>et</span> <span class='ocrx_word' id='word_1_108' title='bbox 296 1419 424 1484; x_wconf 89' lang='lat' dir='ltr'>eosdem</span> <span class='ocrx_word' id='word_1_109' title='bbox 449 1422 587 1502; x_wconf 88' lang='lat' dir='ltr'>[asinos]</span> <span class='ocrx_word' id='word_1_110' title='bbox 611 1442 684 1485; x_wconf 92' lang='lat' dir='ltr'>cum</span> <span class='ocrx_word' id='word_1_111' title='bbox 706 1420 791 1485; x_wconf 88' lang='lat' dir='ltr'>Iside</span> <span class='ocrx_word' id='word_1_112' title='bbox 819 1420 970 1504; x_wconf 83' lang='lat' dir='ltr'>religiose</span> <span class='ocrx_word' id='word_1_113' title='bbox 994 1420 1087 1485; x_wconf 89' lang='lat' dir='ltr'>deco-</span> 
     </span>
     <span class='ocr_line' id='line_1_15' title="bbox 74 1507 1087 1593; baseline 0.003 -22"><span class='ocrx_word' id='word_1_114' title='bbox 74 1508 168 1590; x_wconf 75' lang='lat' dir='ltr'>ratis,</span> <span class='ocrx_word' id='word_1_115' title='bbox 191 1508 271 1571; x_wconf 87' lang='lat' dir='ltr'>item</span> <span class='ocrx_word' id='word_1_116' title='bbox 289 1507 390 1571; x_wconf 92' lang='lat' dir='ltr'>boum</span> <span class='ocrx_word' id='word_1_117' title='bbox 407 1509 517 1590; x_wconf 89' lang='lat' dir='ltr'>capita</span> <span class='ocrx_word' id='word_1_118' title='bbox 536 1511 569 1571; x_wconf 90' lang='lat' dir='ltr'>et</span> <span class='ocrx_word' id='word_1_119' title='bbox 592 1511 700 1593; x_wconf 88' lang='lat' dir='ltr'>capita</span> <span class='ocrx_word' id='word_1_120' title='bbox 722 1530 894 1572; x_wconf 88' lang='lat' dir='ltr'>ueruecum</span> <span class='ocrx_word' id='word_1_121' title='bbox 918 1512 951 1572; x_wconf 88' lang='lat' dir='ltr'>et</span> <span class='ocrx_word' id='word_1_122' title='bbox 974 1509 1087 1574; x_wconf 91' lang='lat' dir='ltr'>immo·</span> 
     </span>
     <span class='ocr_line' id='line_1_16' title="bbox 36 1595 1087 1679; baseline 0.003 -20"><span class='ocrx_word' id='word_1_123' title='bbox 36 1619 60 1659; x_wconf 86' lang='lat'>15</span> <span class='ocrx_word' id='word_1_124' title='bbox 75 1596 151 1660; x_wconf 89' lang='lat' dir='ltr'>latis</span> <span class='ocrx_word' id='word_1_125' title='bbox 175 1598 207 1659; x_wconf 89' lang='lat' dir='ltr'>et</span> <span class='ocrx_word' id='word_1_126' title='bbox 230 1595 345 1679; x_wconf 89' lang='lat' dir='ltr'>colitis,</span> <span class='ocrx_word' id='word_1_127' title='bbox 368 1596 407 1659; x_wconf 90' lang='lat' dir='ltr'>de</span> <span class='ocrx_word' id='word_1_128' title='bbox 426 1617 523 1679; x_wconf 90' lang='lat' dir='ltr'>capro</span> <span class='ocrx_word' id='word_1_129' title='bbox 543 1597 642 1661; x_wconf 88' lang='lat' dir='ltr'>ctiam</span> <span class='ocrx_word' id='word_1_130' title='bbox 664 1600 697 1661; x_wconf 90' lang='lat' dir='ltr'>et</span> <span class='ocrx_word' id='word_1_131' title='bbox 718 1596 849 1660; x_wconf 91' lang='lat' dir='ltr'>homine</span> <span class='ocrx_word' id='word_1_132' title='bbox 872 1596 990 1660; x_wconf 83' lang='lat' dir='ltr'>mixtos</span> <span class='ocrx_word' id='word_1_133' title='bbox 1010 1597 1087 1662; x_wconf 90' lang='lat' dir='ltr'>deos</span> 
     </span>
     <span class='ocr_line' id='line_1_17' title="bbox 76 1684 1123 1750; baseline -0.002 0"><span class='ocrx_word' id='word_1_134' title='bbox 76 1690 108 1750; x_wconf 87' lang='lat' dir='ltr'>et</span> <span class='ocrx_word' id='word_1_135' title='bbox 135 1685 265 1749; x_wconf 90' lang='lat' dir='ltr'>leonum</span> <span class='ocrx_word' id='word_1_136' title='bbox 293 1686 327 1747; x_wconf 87' lang='lat' dir='ltr'>&#39;et</span> <span class='ocrx_word' id='word_1_137' title='bbox 354 1705 471 1748; x_wconf 88' lang='lat' dir='ltr'>canum</span> <span class='ocrx_word' id='word_1_138' title='bbox 498 1685 591 1749; x_wconf 90' lang='lat' dir='ltr'>uultu</span> <span class='ocrx_word' id='word_1_139' title='bbox 619 1685 695 1748; x_wconf 90' lang='lat' dir='ltr'>deos</span> <span class='ocrx_word' id='word_1_140' title='bbox 721 1684 884 1749; x_wconf 88' lang='lat' dir='ltr'>dedicatis.</span> <span class='ocrx_word' id='word_1_141' title='bbox 925 1706 1032 1749; x_wconf 91' lang='lat' dir='ltr'>nonne</span> <span class='ocrx_word' id='word_1_142' title='bbox 1056 1688 1123 1748; x_wconf 82' lang='lat' dir='ltr'>ete</span> 
     </span>
     <span class='ocr_line' id='line_1_18' title="bbox 76 1772 1087 1856; baseline 0 -19"><span class='ocrx_word' id='word_1_143' title='bbox 76 1772 164 1856; x_wconf 84' lang='lat' dir='ltr'>Apin</span> <span class='ocrx_word' id='word_1_144' title='bbox 186 1773 305 1837; x_wconf 89' lang='lat' dir='ltr'>bouem</span> <span class='ocrx_word' id='word_1_145' title='bbox 328 1794 401 1837; x_wconf 88' lang='lat' dir='ltr'>cum</span> <span class='ocrx_word' id='word_1_146' title='bbox 425 1772 596 1856; x_wconf 83' lang='lat' dir='ltr'>Aegyptiis</span> <span class='ocrx_word' id='word_1_147' title='bbox 625 1773 767 1837; x_wconf 87' lang='lat' dir='ltr'>adoratis</span> <span class='ocrx_word' id='word_1_148' title='bbox 790 1777 822 1836; x_wconf 89' lang='lat' dir='ltr'>et</span> <span class='ocrx_word' id='word_1_149' title='bbox 844 1772 1000 1856; x_wconf 80' lang='lat' dir='ltr'>pascitis?</span> <span class='ocrx_word' id='word_1_150' title='bbox 1028 1794 1087 1837; x_wconf 92' lang='lat' dir='ltr'>nec</span> 
     </span>
     <span class='ocr_line' id='line_1_19' title="bbox 77 1860 1088 1945; baseline -0.001 -19"><span class='ocrx_word' id='word_1_151' title='bbox 77 1883 187 1926; x_wconf 90' lang='lat' dir='ltr'>eorum</span> <span class='ocrx_word' id='word_1_152' title='bbox 207 1882 298 1925; x_wconf 85' lang='lat' dir='ltr'>sacra</span> <span class='ocrx_word' id='word_1_153' title='bbox 315 1861 476 1926; x_wconf 87' lang='lat' dir='ltr'>damnatis</span> <span class='ocrx_word' id='word_1_154' title='bbox 494 1861 644 1926; x_wconf 87' lang='lat' dir='ltr'>instituta</span> <span class='ocrx_word' id='word_1_155' title='bbox 663 1861 876 1945; x_wconf 76' lang='lat' dir='ltr'>serpentibus,</span> <span class='ocrx_word' id='word_1_156' title='bbox 894 1860 1088 1945; x_wconf 83' lang='lat' dir='ltr'>crocodillis,</span> 
     </span>
     <span class='ocr_line' id='line_1_20' title="bbox 76 1948 1088 2033; baseline 0.002 -20"><span class='ocrx_word' id='word_1_157' title='bbox 76 1950 180 2013; x_wconf 85' lang='lat' dir='ltr'>beluis</span> <span class='ocrx_word' id='word_1_158' title='bbox 205 1950 319 2014; x_wconf 88' lang='lat' dir='ltr'>ceteris</span> <span class='ocrx_word' id='word_1_159' title='bbox 342 1951 388 2030; x_wconf 87' lang='lat' dir='ltr'>[et</span> <span class='ocrx_word' id='word_1_160' title='bbox 406 1949 521 2014; x_wconf 86' lang='lat' dir='ltr'>auibus</span> <span class='ocrx_word' id='word_1_161' title='bbox 541 1953 574 2014; x_wconf 93' lang='lat' dir='ltr'>et</span> <span class='ocrx_word' id='word_1_162' title='bbox 591 1950 762 2033; x_wconf 88' lang='lat' dir='ltr'>piscibus],</span> <span class='ocrx_word' id='word_1_163' title='bbox 786 1971 923 2033; x_wconf 89' lang='lat' dir='ltr'>quorum</span> <span class='ocrx_word' id='word_1_164' title='bbox 948 1948 1088 2032; x_wconf 83' lang='lat' dir='ltr'>aliquem</span> 
     </span>
     <span class='ocr_line' id='line_1_21' title="bbox 37 2037 1125 2122; baseline 0.004 -22"><span class='ocrx_word' id='word_1_165' title='bbox 37 2061 63 2100; x_wconf 76' lang='grc'>10</span> <span class='ocrx_word' id='word_1_166' title='bbox 77 2038 173 2101; x_wconf 91' lang='lat' dir='ltr'>deum</span> <span class='ocrx_word' id='word_1_167' title='bbox 201 2038 229 2101; x_wconf 88' lang='lat' dir='ltr'>si</span> <span class='ocrx_word' id='word_1_168' title='bbox 257 2038 328 2121; x_wconf 89' lang='lat' dir='ltr'>quis</span> <span class='ocrx_word' id='word_1_169' title='bbox 361 2037 527 2122; x_wconf 88' lang='lat' dir='ltr'>occiderit,</span> <span class='ocrx_word' id='word_1_170' title='bbox 555 2040 655 2103; x_wconf 90' lang='lat' dir='ltr'>etiam</span> <span class='ocrx_word' id='word_1_171' title='bbox 684 2037 788 2120; x_wconf 88' lang='lat' dir='ltr'>capite</span> <span class='ocrx_word' id='word_1_172' title='bbox 816 2038 958 2120; x_wconf 89' lang='lat' dir='ltr'>punitur.</span> <span class='ocrx_word' id='word_1_173' title='bbox 1005 2038 1125 2104; x_wconf 82' lang='lat' dir='ltr'>ideme</span> 
     </span>
     <span class='ocr_line' id='line_1_22' title="bbox 77 2124 1091 2211; baseline 0.001 -22"><span class='ocrx_word' id='word_1_174' title='bbox 77 2126 232 2210; x_wconf 87' lang='lat' dir='ltr'>Aegyptii</span> <span class='ocrx_word' id='word_1_175' title='bbox 250 2148 322 2190; x_wconf 90' lang='lat' dir='ltr'>cum</span> <span class='ocrx_word' id='word_1_176' title='bbox 340 2127 503 2211; x_wconf 84' lang='lat' dir='ltr'>plerisque</span> <span class='ocrx_word' id='word_1_177' title='bbox 522 2128 616 2192; x_wconf 90' lang='lat' dir='ltr'>uobis</span> <span class='ocrx_word' id='word_1_178' title='bbox 639 2147 706 2191; x_wconf 92' lang='lat' dir='ltr'>non</span> <span class='ocrx_word' id='word_1_179' title='bbox 730 2125 835 2210; x_wconf 84' lang='lat' dir='ltr'>magis</span> <span class='ocrx_word' id='word_1_180' title='bbox 853 2124 974 2189; x_wconf 89' lang='lat' dir='ltr'>Isidem</span> <span class='ocrx_word' id='word_1_181' title='bbox 993 2148 1091 2209; x_wconf 88' lang='lat' dir='ltr'>quam</span> 
     </span>
     <span class='ocr_line' id='line_1_23' title="bbox 78 2212 1090 2300; baseline 0.001 -21"><span class='ocrx_word' id='word_1_182' title='bbox 78 2236 229 2298; x_wconf 88' lang='lat' dir='ltr'>ceparum</span> <span class='ocrx_word' id='word_1_183' title='bbox 262 2215 453 2280; x_wconf 86' lang='lat' dir='ltr'>acrimoniae</span> <span class='ocrx_word' id='word_1_184' title='bbox 485 2219 644 2300; x_wconf 91' lang='lat' dir='ltr'>metuunt,</span> <span class='ocrx_word' id='word_1_185' title='bbox 676 2236 735 2279; x_wconf 92' lang='lat' dir='ltr'>nec</span> <span class='ocrx_word' id='word_1_186' title='bbox 765 2212 953 2297; x_wconf 83' lang='lat' dir='ltr'>Serapidem</span> <span class='ocrx_word' id='word_1_187' title='bbox 984 2217 1090 2300; x_wconf 83' lang='lat' dir='ltr'>magis</span> 
     </span>
     <span class='ocr_line' id='line_1_24' title="bbox 78 2303 1091 2388; baseline 0.003 -22"><span class='ocrx_word' id='word_1_188' title='bbox 78 2325 176 2388; x_wconf 87' lang='lat' dir='ltr'>quam</span> <span class='ocrx_word' id='word_1_189' title='bbox 205 2303 360 2386; x_wconf 89' lang='lat' dir='ltr'>strepitus</span> <span class='ocrx_word' id='word_1_190' title='bbox 388 2325 446 2388; x_wconf 91' lang='lat' dir='ltr'>per</span> <span class='ocrx_word' id='word_1_191' title='bbox 472 2304 621 2387; x_wconf 87' lang='lat' dir='ltr'>pudenda</span> <span class='ocrx_word' id='word_1_192' title='bbox 648 2305 793 2388; x_wconf 86' lang='lat' dir='ltr'>corporis</span> <span class='ocrx_word' id='word_1_193' title='bbox 822 2324 991 2387; x_wconf 88' lang='lat' dir='ltr'>expressos</span> <span class='ocrx_word' id='word_1_194' title='bbox 1018 2326 1091 2369; x_wconf 91' lang='lat' dir='ltr'>con-</span> 
     </span>
     <span class='ocr_line' id='line_1_25' title="bbox 78 2392 1144 2476; baseline 0.003 -21"><span class='ocrx_word' id='word_1_195' title='bbox 78 2396 285 2458; x_wconf 88' lang='lat' dir='ltr'>tremescunt.</span> <span class='ocrx_word' id='word_1_196' title='bbox 308 2393 407 2456; x_wconf 88' lang='lat' dir='ltr'>etiam</span> <span class='ocrx_word' id='word_1_197' title='bbox 430 2393 495 2475; x_wconf 91' lang='lat' dir='ltr'>ille,</span> <span class='ocrx_word' id='word_1_198' title='bbox 518 2395 574 2476; x_wconf 90' lang='lat' dir='ltr'>qui</span> <span class='ocrx_word' id='word_1_199' title='bbox 593 2393 631 2457; x_wconf 91' lang='lat' dir='ltr'>de</span> <span class='ocrx_word' id='word_1_200' title='bbox 651 2393 794 2458; x_wconf 86' lang='lat' dir='ltr'>adoratis</span> <span class='ocrx_word' id='word_1_201' title='bbox 817 2392 993 2457; x_wconf 88' lang='lat' dir='ltr'>sacerdotis</span> <span class='ocrx_word' id='word_1_202' title='bbox 1013 2393 1090 2457; x_wconf 87' lang='lat' dir='ltr'>uiri-</span> <span class='ocrx_word' id='word_1_203' title='bbox 1111 2410 1144 2458; x_wconf 90' lang='lat'>10</span> 
     </span>
     <span class='ocr_line' id='line_1_26' title="bbox 40 2481 1092 2566; baseline 0.004 -24"><span class='ocrx_word' id='word_1_204' title='bbox 40 2501 65 2542; x_wconf 77' lang='lat' dir='ltr'>aa</span> <span class='ocrx_word' id='word_1_205' title='bbox 79 2481 164 2544; x_wconf 91' lang='lat' dir='ltr'>libus</span> <span class='ocrx_word' id='word_1_206' title='bbox 187 2482 359 2546; x_wconf 86' lang='lat' dir='ltr'>aduersum</span> <span class='ocrx_word' id='word_1_207' title='bbox 379 2503 440 2546; x_wconf 88' lang='lat' dir='ltr'>nos</span> <span class='ocrx_word' id='word_1_208' title='bbox 459 2481 634 2563; x_wconf 85' lang='lat' dir='ltr'>fabulatur,</span> <span class='ocrx_word' id='word_1_209' title='bbox 657 2484 797 2566; x_wconf 87' lang='lat' dir='ltr'>temptat</span> <span class='ocrx_word' id='word_1_210' title='bbox 815 2482 848 2545; x_wconf 89' lang='lat' dir='ltr'>in</span> <span class='ocrx_word' id='word_1_211' title='bbox 864 2503 927 2545; x_wconf 85' lang='lat' dir='ltr'>noe</span> <span class='ocrx_word' id='word_1_212' title='bbox 947 2481 1092 2547; x_wconf 85' lang='lat' dir='ltr'>conferre</span> 
     </span>
     <span class='ocr_line' id='line_1_27' title="bbox 79 2570 1092 2655; baseline 0.003 -23"><span class='ocrx_word' id='word_1_213' title='bbox 79 2591 161 2653; x_wconf 88' lang='lat' dir='ltr'>quae</span> <span class='ocrx_word' id='word_1_214' title='bbox 181 2592 240 2634; x_wconf 89' lang='lat' dir='ltr'>sua</span> <span class='ocrx_word' id='word_1_215' title='bbox 261 2573 346 2636; x_wconf 90' lang='lat' dir='ltr'>sunt.</span> <span class='ocrx_word' id='word_1_216' title='bbox 378 2571 460 2635; x_wconf 87' lang='lat' dir='ltr'>istae</span> <span class='ocrx_word' id='word_1_217' title='bbox 480 2572 565 2635; x_wconf 85' lang='lat' dir='ltr'>enirn</span> <span class='ocrx_word' id='word_1_218' title='bbox 588 2571 801 2655; x_wconf 89' lang='lat' dir='ltr'>inpudicitiae</span> <span class='ocrx_word' id='word_1_219' title='bbox 821 2591 932 2634; x_wconf 90' lang='lat' dir='ltr'>eorum</span> <span class='ocrx_word' id='word_1_220' title='bbox 951 2570 1092 2635; x_wconf 87' lang='lat' dir='ltr'>forsitan</span> 
     </span>
    </p>
   </div>
   <div class='ocr_carea' id='block_1_3' title="bbox 80 2707 1094 3628">
    <p class='ocr_par' dir='ltr' id='par_1_3' title="bbox 80 2707 1094 3628">
     <span class='ocr_line' id='line_1_28' title="bbox 151 2707 1092 2778; baseline 0.003 -18"><span class='ocrx_word' id='word_1_221' title='bbox 151 2712 168 2760; x_wconf 79' lang='lat'>4</span> <span class='ocrx_word' id='word_1_222' title='bbox 183 2707 366 2762; x_wconf 84' lang='lat' dir='ltr'>execrationis</span> <span class='ocrx_word' id='word_1_223' title='bbox 381 2709 525 2762; x_wconf 88' lang='lat' dir='ltr'>horrorem</span> <span class='ocrx_word' id='word_1_224' title='bbox 538 2714 567 2776; x_wconf 92' lang='lat' dir='ltr'>P,</span> <span class='ocrx_word' id='word_1_225' title='bbox 581 2710 691 2764; x_wconf 71' lang='lat' dir='ltr'>correxi</span> <span class='ocrx_word' id='word_1_226' title='bbox 703 2725 790 2778; x_wconf 76' lang='lat' dir='ltr'>supro</span> <span class='ocrx_word' id='word_1_227' title='bbox 803 2724 836 2777; x_wconf 74' lang='lat'>12·</span> <span class='ocrx_word' id='word_1_228' title='bbox 849 2707 940 2762; x_wconf 88' lang='lat' dir='ltr'>XXVI</span> <span class='ocrx_word' id='word_1_229' title='bbox 953 2708 963 2778; x_wconf 79' lang='grc' dir='ltr'>Ι]</span> <span class='ocrx_word' id='word_1_230' title='bbox 977 2713 993 2762; x_wconf 79' lang='lat'><strong>5</strong></span> <span class='ocrx_word' id='word_1_231' title='bbox 1008 2709 1092 2763; x_wconf 83' lang='lat' dir='ltr'>refer·</span> 
     </span>
     <span class='ocr_line' id='line_1_29' title="bbox 81 2778 1091 2851; baseline 0.005 -22"><span class='ocrx_word' id='word_1_232' title='bbox 81 2780 177 2831; x_wconf 89' lang='lat' dir='ltr'>serunt</span> <span class='ocrx_word' id='word_1_233' title='bbox 185 2783 213 2845; x_wconf 91' lang='lat' dir='ltr'>P,</span> <span class='ocrx_word' id='word_1_234' title='bbox 229 2793 297 2830; x_wconf 85' lang='lat' dir='ltr'>corr.</span> <span class='ocrx_word' id='word_1_235' title='bbox 311 2778 449 2850; x_wconf 75' lang='lat' dir='ltr'>Votienus</span> <span class='ocrx_word' id='word_1_236' title='bbox 458 2778 467 2851; x_wconf 73' lang='lat' dir='ltr'>ll</span> <span class='ocrx_word' id='word_1_237' title='bbox 478 2785 503 2848; x_wconf 81' lang='lat'>5,</span> <span class='ocrx_word' id='word_1_238' title='bbox 513 2785 528 2833; x_wconf 89' lang='grc'>6</span> <span class='ocrx_word' id='word_1_239' title='bbox 538 2779 641 2833; x_wconf 89' lang='lat' dir='ltr'>mirum</span> <span class='ocrx_word' id='word_1_240' title='bbox 655 2779 788 2834; x_wconf 85' lang='lat' dir='ltr'>omissum</span> <span class='ocrx_word' id='word_1_241' title='bbox 804 2780 872 2848; x_wconf 78' lang='lat' dir='ltr'>(scil.</span> <span class='ocrx_word' id='word_1_242' title='bbox 887 2780 1091 2849; x_wconf 67' lang='grc'><strong>0090000101-</strong></span> 
     </span>
     <span class='ocr_line' id='line_1_30' title="bbox 80 2847 1093 2919; baseline 0.003 -17"><span class='ocrx_word' id='word_1_243' title='bbox 80 2847 185 2903; x_wconf 77' lang='lat' dir='ltr'>stiones</span> <span class='ocrx_word' id='word_1_244' title='bbox 207 2849 294 2902; x_wconf 83' lang='lat' dir='ltr'>atde</span> <span class='ocrx_word' id='word_1_245' title='bbox 316 2848 421 2915; x_wconf 73' lang='lat' dir='ltr'>fabulis</span> <span class='ocrx_word' id='word_1_246' title='bbox 444 2850 554 2905; x_wconf 80' lang='lat' dir='ltr'>obiectis</span> <span class='ocrx_word' id='word_1_247' title='bbox 574 2851 740 2919; x_wconf 75' lang='lat' dir='ltr'>faterentur)</span> <span class='ocrx_word' id='word_1_248' title='bbox 764 2866 828 2904; x_wconf 87' lang='lat' dir='ltr'>eum</span> <span class='ocrx_word' id='word_1_249' title='bbox 850 2851 964 2919; x_wconf 65' lang='lat' dir='ltr'>carpsi.-</span> <span class='ocrx_word' id='word_1_250' title='bbox 991 2851 1093 2905; x_wconf 86' lang='lat' dir='ltr'>mirum</span> 
     </span>
     <span class='ocr_line' id='line_1_31' title="bbox 81 2917 1092 2990; baseline 0.005 -19"><span class='ocrx_word' id='word_1_251' title='bbox 81 2935 145 2971; x_wconf 89' lang='lat' dir='ltr'>cum</span> <span class='ocrx_word' id='word_1_252' title='bbox 165 2917 289 2973; x_wconf 89' lang='lat' dir='ltr'>omnium</span> <span class='ocrx_word' id='word_1_253' title='bbox 303 2925 323 2971; x_wconf 98' lang='lat' dir='ltr'>P</span> <span class='ocrx_word' id='word_1_254' title='bbox 341 2937 377 2973; x_wconf 89' lang='lat' dir='ltr'>m.</span> <span class='ocrx_word' id='word_1_255' title='bbox 397 2936 461 2974; x_wconf 89' lang='lat' dir='ltr'>cum</span> <span class='ocrx_word' id='word_1_256' title='bbox 479 2921 624 2976; x_wconf 87' lang='lat' dir='ltr'>hominum</span> <span class='ocrx_word' id='word_1_257' title='bbox 637 2921 781 2990; x_wconf 68' lang='lat' dir='ltr'>Riualitas</span> <span class='ocrx_word' id='word_1_258' title='bbox 798 2938 834 2976; x_wconf 89' lang='grc'><strong>111.</strong></span> <span class='ocrx_word' id='word_1_259' title='bbox 849 2920 982 2989; x_wconf 88' lang='lat' dir='ltr'>quoniam</span> <span class='ocrx_word' id='word_1_260' title='bbox 996 2921 1092 2976; x_wconf 75' lang='lat' dir='ltr'>Vahle-</span> 
     </span>
     <span class='ocr_line' id='line_1_32' title="bbox 81 2990 1093 3063; baseline 0.004 -21"><span class='ocrx_word' id='word_1_261' title='bbox 81 3005 135 3043; x_wconf 77' lang='lat' dir='ltr'>nos</span> <span class='ocrx_word' id='word_1_262' title='bbox 158 3006 195 3042; x_wconf 90' lang='lat' dir='ltr'>m.</span> <span class='ocrx_word' id='word_1_263' title='bbox 215 3005 278 3042; x_wconf 88' lang='lat' dir='ltr'>cum</span> <span class='ocrx_word' id='word_1_264' title='bbox 302 2990 415 3045; x_wconf 91' lang='lat' dir='ltr'>omnino</span> <span class='ocrx_word' id='word_1_265' title='bbox 439 2991 552 3062; x_wconf 74' lang='lat' dir='ltr'>Maehly</span> <span class='ocrx_word' id='word_1_266' title='bbox 574 2993 584 3062; x_wconf 77' lang='lat' dir='ltr'>l</span> <span class='ocrx_word' id='word_1_267' title='bbox 608 2998 623 3047; x_wconf 83' lang='lat' dir='ltr'>&#39;l</span> <span class='ocrx_word' id='word_1_268' title='bbox 647 2991 687 3046; x_wconf 87' lang='lat' dir='ltr'>sic</span> <span class='ocrx_word' id='word_1_269' title='bbox 710 2991 765 3063; x_wconf 89' lang='lat' dir='ltr'>est]</span> <span class='ocrx_word' id='word_1_270' title='bbox 789 2991 827 3044; x_wconf 89' lang='lat' dir='ltr'>sit</span> <span class='ocrx_word' id='word_1_271' title='bbox 850 2995 879 3046; x_wconf 89' lang='lat' dir='ltr'>et</span> <span class='ocrx_word' id='word_1_272' title='bbox 901 2993 929 3046; x_wconf 89' lang='lat' dir='ltr'>I.</span> <span class='ocrx_word' id='word_1_273' title='bbox 949 2992 1001 3047; x_wconf 81' lang='lat' dir='ltr'>Fr.</span> <span class='ocrx_word' id='word_1_274' title='bbox 1023 2991 1093 3046; x_wconf 80' lang='lat' dir='ltr'>Gro-</span> 
     </span>
     <span class='ocr_line' id='line_1_33' title="bbox 81 3060 1092 3133; baseline 0.004 -19"><span class='ocrx_word' id='word_1_275' title='bbox 81 3060 183 3115; x_wconf 80' lang='lat' dir='ltr'>noaios</span> <span class='ocrx_word' id='word_1_276' title='bbox 209 3062 213 3126; x_wconf 84' lang='grc' dir='ltr'>Ι</span> <span class='ocrx_word' id='word_1_277' title='bbox 237 3076 288 3114; x_wconf 91' lang='lat' dir='ltr'>nec</span> <span class='ocrx_word' id='word_1_278' title='bbox 312 3060 400 3115; x_wconf 86' lang='lat' dir='ltr'>otium</span> <span class='ocrx_word' id='word_1_279' title='bbox 423 3064 535 3132; x_wconf 80' lang='lat' dir='ltr'>scripsi.-</span> <span class='ocrx_word' id='word_1_280' title='bbox 557 3062 702 3133; x_wconf 86' lang='lat' dir='ltr'>negotium</span> <span class='ocrx_word' id='word_1_281' title='bbox 725 3068 745 3114; x_wconf 98' lang='lat' dir='ltr'>P</span> <span class='ocrx_word' id='word_1_282' title='bbox 767 3064 778 3132; x_wconf 87' lang='grc' dir='ltr'>ΙΙ</span> <span class='ocrx_word' id='word_1_283' title='bbox 801 3067 833 3116; x_wconf 77' lang='grc'>12</span> <span class='ocrx_word' id='word_1_284' title='bbox 856 3062 944 3117; x_wconf 88' lang='lat' dir='ltr'>Vesta</span> <span class='ocrx_word' id='word_1_285' title='bbox 966 3063 1014 3116; x_wconf 89' lang='lat' dir='ltr'>uel</span> <span class='ocrx_word' id='word_1_286' title='bbox 1032 3064 1092 3118; x_wconf 83' lang='lat' dir='ltr'>Iac.</span> 
     </span>
     <span class='ocr_line' id='line_1_34' title="bbox 83 3130 1094 3203; baseline 0.001 -17"><span class='ocrx_word' id='word_1_287' title='bbox 83 3130 256 3186; x_wconf 78' lang='lat' dir='ltr'>Groaoaius:</span> <span class='ocrx_word' id='word_1_288' title='bbox 279 3131 373 3185; x_wconf 85' lang='lat' dir='ltr'>uestra</span> <span class='ocrx_word' id='word_1_289' title='bbox 394 3133 439 3186; x_wconf 88' lang='lat' dir='ltr'>uel</span> <span class='ocrx_word' id='word_1_290' title='bbox 457 3138 477 3185; x_wconf 93' lang='lat' dir='ltr'>P</span> <span class='ocrx_word' id='word_1_291' title='bbox 496 3136 591 3188; x_wconf 86' lang='lat' dir='ltr'>uestra</span> <span class='ocrx_word' id='word_1_292' title='bbox 609 3134 656 3187; x_wconf 92' lang='lat' dir='ltr'>uel</span> <span class='ocrx_word' id='word_1_293' title='bbox 675 3149 726 3187; x_wconf 88' lang='lat' dir='ltr'>sua</span> <span class='ocrx_word' id='word_1_294' title='bbox 744 3133 888 3203; x_wconf 67' lang='lat' dir='ltr'>Riualitas</span> <span class='ocrx_word' id='word_1_295' title='bbox 906 3135 999 3187; x_wconf 87' lang='lat' dir='ltr'>uestra</span> <span class='ocrx_word' id='word_1_296' title='bbox 1017 3133 1094 3187; x_wconf 90' lang='lat' dir='ltr'>bella</span> 
     </span>
     <span class='ocr_line' id='line_1_35' title="bbox 83 3201 1093 3274; baseline 0.001 -17"><span class='ocrx_word' id='word_1_297' title='bbox 83 3203 241 3269; x_wconf 76' lang='lat' dir='ltr'>Heinsiusl</span> <span class='ocrx_word' id='word_1_298' title='bbox 261 3206 293 3257; x_wconf 88' lang='grc'>13</span> <span class='ocrx_word' id='word_1_299' title='bbox 312 3201 406 3257; x_wconf 87' lang='lat' dir='ltr'>asinoe</span> <span class='ocrx_word' id='word_1_300' title='bbox 424 3206 523 3259; x_wconf 80' lang='lat' dir='ltr'>seclusi</span> <span class='ocrx_word' id='word_1_301' title='bbox 535 3207 545 3274; x_wconf 83' lang='grc' dir='ltr'>ΙΙ</span> <span class='ocrx_word' id='word_1_302' title='bbox 564 3210 606 3273; x_wconf 89' lang='grc'>13,</span> <span class='ocrx_word' id='word_1_303' title='bbox 627 3204 990 3274; x_wconf 57' lang='grc' dir='ltr'>11,(10001011101119011100.Ι</span> <span class='ocrx_word' id='word_1_304' title='bbox 1010 3203 1093 3258; x_wconf 87' lang='lat' dir='ltr'>deuo·</span> 
     </span>
     <span class='ocr_line' id='line_1_36' title="bbox 83 3271 1093 3346; baseline 0.004 -20"><span class='ocrx_word' id='word_1_305' title='bbox 83 3273 152 3327; x_wconf 87' lang='lat' dir='ltr'>ratis</span> <span class='ocrx_word' id='word_1_306' title='bbox 171 3279 192 3325; x_wconf 93' lang='lat' dir='ltr'>P</span> <span class='ocrx_word' id='word_1_307' title='bbox 211 3271 334 3327; x_wconf 86' lang='lat' dir='ltr'>adoratis</span> <span class='ocrx_word' id='word_1_308' title='bbox 352 3273 489 3330; x_wconf 76' lang='lat' dir='ltr'>Heinsius</span> <span class='ocrx_word' id='word_1_309' title='bbox 501 3277 510 3346; x_wconf 86' lang='grc'>11</span> <span class='ocrx_word' id='word_1_310' title='bbox 525 3281 559 3330; x_wconf 84' lang='grc'>14</span> <span class='ocrx_word' id='word_1_311' title='bbox 577 3275 728 3330; x_wconf 88' lang='lat' dir='ltr'>uerbeoum</span> <span class='ocrx_word' id='word_1_312' title='bbox 744 3280 764 3327; x_wconf 93' lang='lat' dir='ltr'>P</span> <span class='ocrx_word' id='word_1_313' title='bbox 782 3293 817 3330; x_wconf 88' lang='lat' dir='ltr'>m.</span> <span class='ocrx_word' id='word_1_314' title='bbox 836 3276 925 3343; x_wconf 75' lang='grc'><strong>11116</strong></span> <span class='ocrx_word' id='word_1_315' title='bbox 943 3274 1023 3327; x_wconf 89' lang='lat' dir='ltr'>uultu</span> <span class='ocrx_word' id='word_1_316' title='bbox 1043 3274 1093 3330; x_wconf 82' lang='lat' dir='ltr'>Ge-</span> 
     </span>
     <span class='ocr_line' id='line_1_37' title="bbox 84 3343 1094 3417; baseline 0 -18"><span class='ocrx_word' id='word_1_317' title='bbox 84 3345 184 3399; x_wconf 77' lang='lat' dir='ltr'>lenias:</span> <span class='ocrx_word' id='word_1_318' title='bbox 212 3344 307 3399; x_wconf 86' lang='lat' dir='ltr'>uultus</span> <span class='ocrx_word' id='word_1_319' title='bbox 331 3351 351 3397; x_wconf 98' lang='lat' dir='ltr'>P</span> <span class='ocrx_word' id='word_1_320' title='bbox 373 3347 382 3415; x_wconf 81' lang='grc' dir='ltr'>ΙΙ</span> <span class='ocrx_word' id='word_1_321' title='bbox 407 3352 439 3401; x_wconf 77' lang='grc'>17</span> <span class='ocrx_word' id='word_1_322' title='bbox 465 3363 537 3416; x_wconf 88' lang='lat' dir='ltr'>apen</span> <span class='ocrx_word' id='word_1_323' title='bbox 560 3351 580 3398; x_wconf 93' lang='lat' dir='ltr'>P</span> <span class='ocrx_word' id='word_1_324' title='bbox 603 3362 671 3401; x_wconf 84' lang='lat' dir='ltr'>corr.</span> <span class='ocrx_word' id='word_1_325' title='bbox 695 3346 827 3401; x_wconf 80' lang='lat' dir='ltr'>Halmius</span> <span class='ocrx_word' id='word_1_326' title='bbox 850 3343 945 3415; x_wconf 87' lang='lat' dir='ltr'>(Apim</span> <span class='ocrx_word' id='word_1_327' title='bbox 968 3346 1062 3413; x_wconf 76' lang='lat' dir='ltr'>culpo)</span> <span class='ocrx_word' id='word_1_328' title='bbox 1085 3345 1094 3417; x_wconf 75' lang='lat' dir='ltr'>ll</span> 
     </span>
     <span class='ocr_line' id='line_1_38' title="bbox 86 3413 1094 3485; baseline 0 -17"><span class='ocrx_word' id='word_1_329' title='bbox 86 3421 118 3468; x_wconf 82' lang='lat'>19</span> <span class='ocrx_word' id='word_1_330' title='bbox 142 3418 171 3470; x_wconf 87' lang='lat' dir='ltr'>et</span> <span class='ocrx_word' id='word_1_331' title='bbox 194 3414 292 3470; x_wconf 85' lang='lat' dir='ltr'>auibus</span> <span class='ocrx_word' id='word_1_332' title='bbox 312 3418 341 3470; x_wconf 88' lang='lat' dir='ltr'>et</span> <span class='ocrx_word' id='word_1_333' title='bbox 358 3416 482 3485; x_wconf 88' lang='lat' dir='ltr'>piscibus</span> <span class='ocrx_word' id='word_1_334' title='bbox 500 3418 610 3476; x_wconf 78' lang='lat' dir='ltr'>seclusit</span> <span class='ocrx_word' id='word_1_335' title='bbox 629 3417 751 3472; x_wconf 78' lang='lat' dir='ltr'>Kortias</span> <span class='ocrx_word' id='word_1_336' title='bbox 773 3418 783 3485; x_wconf 81' lang='grc' dir='ltr'>ΙΙ</span> <span class='ocrx_word' id='word_1_337' title='bbox 805 3413 939 3469; x_wconf 79' lang='lat' dir='ltr'>21u0bis</span> <span class='ocrx_word' id='word_1_338' title='bbox 963 3414 1094 3471; x_wconf 75' lang='lat' dir='ltr'>Ursinus:</span> 
     </span>
     <span class='ocr_line' id='line_1_39' title="bbox 83 3486 1091 3559; baseline -0.001 -20"><span class='ocrx_word' id='word_1_339' title='bbox 83 3486 230 3539; x_wconf 89' lang='lat' dir='ltr'>uobiscum</span> <span class='ocrx_word' id='word_1_340' title='bbox 253 3491 273 3538; x_wconf 93' lang='lat' dir='ltr'>P</span> <span class='ocrx_word' id='word_1_341' title='bbox 295 3490 422 3542; x_wconf 85' lang='lat' dir='ltr'>uestrum</span> <span class='ocrx_word' id='word_1_342' title='bbox 445 3487 1091 3559; x_wconf 64' lang='grc' dir='ltr'><strong>110νεὶ0010011261010οΚ00101001101021</strong></span> 
     </span>
     <span class='ocr_line' id='line_1_40' title="bbox 83 3555 539 3628; baseline 0.015 -19"><span class='ocrx_word' id='word_1_343' title='bbox 83 3555 280 3628; x_wconf 84' lang='lat' dir='ltr'>inpudicitiae]</span> <span class='ocrx_word' id='word_1_344' title='bbox 301 3558 328 3612; x_wconf 92' lang='lat' dir='ltr'>ci</span> <span class='ocrx_word' id='word_1_345' title='bbox 345 3575 365 3614; x_wconf 63' lang='lat' dir='ltr'>s,</span> <span class='ocrx_word' id='word_1_346' title='bbox 385 3560 403 3613; x_wconf 88' lang='grc'>1.</span> <span class='ocrx_word' id='word_1_347' title='bbox 421 3577 455 3613; x_wconf 85' lang='lat' dir='ltr'>m.</span> <span class='ocrx_word' id='word_1_348' title='bbox 476 3565 492 3614; x_wconf 90' lang='lat'><em>1</em></span> <span class='ocrx_word' id='word_1_349' title='bbox 511 3565 539 3616; x_wconf 89' lang='lat' dir='ltr'>P.</span> 
     </span>
    </p>
   </div>
   <div class='ocr_carea' id='block_1_4' title="bbox 0 0 1206 3930">
    <p class='ocr_par' dir='ltr' id='par_1_4' title="bbox 0 0 1206 3930">
     <span class='ocr_line' id='line_1_41' title="bbox 0 0 1206 3930; baseline 0 0"><span class='ocrx_word' id='word_1_350' title='bbox 0 0 1206 3930; x_wconf 95' lang='lat' dir='ltr'> </span> 
     </span>
    </p>
   </div>
  </div>
 </body>
</html>
