2378 3930
84 211 130 274 44
442 209 588 266 amnon
604 210 742 266 raucis

85 377 182 441 quam
205 377 311 439 nosse,
333 376 375 419 nc
398 356 548 439 cognitos
571 359 628 420 aut
645 356 767 419 imitari
784 356 915 440 possint
934 359 992 420 aut
1011 355 1093 421 dam·

37 443 164 509 28nare
195 465 264 509 non
295 443 432 528 possint.
478 466 575 528 quam
608 448 716 508 autem
747 444 869 508 inicum
899 444 957 527 sit,
988 445 1027 510 de
1052 446 1093 509 iu-

85 533 225 616 cognitis
253 536 286 596 st
312 532 524 615 inexploratis
556 533 711 614 iudicare,
740 532 825 615 quod
852 531 976 616 facitis,
1003 534 1095 599 nobis

48 638 65 685 2
84 622 166 704 ipsis
189 621 432 704 paenitentibus
455 620 586 686 credite.
618 624 652 685 et
672 643 733 685 nos
751 620 838 684 enim
856 621 943 685 idem
961 622 1095 687 fecimus

85 713 118 773 et
140 709 252 774 eadem
274 710 442 774 uobiscum
466 709 629 794 quondam
657 709 763 774 adhuc
790 710 878 774 caeci
905 714 940 774 et
965 710 1126 776 habetest

85 796 316 881 sentiebamus,
340 799 433 882 quasi
452 797 630 862 Christiani
652 802 801 862 monstra
818 799 971 883 colerent,
993 799 1096 864 infen-

83 890 134 951 tes
158 892 324 964 uorarent,
351 886 503 951 conuiuia
525 887 650 951 incesta
672 886 860 970 miscerent3
888 908 949 952 nec
975 888 1097 952 intelle·

85 975 250 1060 gebamus,
268 975 377 1039 uerbis
395 974 526 1040 fabulas
543 976 625 1038 istas
645 996 771 1057 semper
787 975 943 1039 uentilari
957 980 991 1040 et
1010 999 1097 1041 num·

85 1085 181 1146 quam
204 1064 256 1128 uel
283 1063 474 1143 inuestigari
501 1064 554 1127 uel
581 1063 727 1146 probari,
753 1084 813 1129 nec
835 1067 929 1128 tanto
952 1067 1097 1150 temporo

85 1152 226 1235 aliquem
255 1152 373 1232 exisse,
403 1172 472 1216 rem
499 1151 554 1235 qui
581 1151 746 1236 proderet,
773 1172 840 1217 non
865 1155 999 1217 tantum
1021 1154 1131 1218 factio

84 1241 227 1323 ueniam,
260 1261 372 1305 uerum
401 1240 501 1304 ctiam
528 1239 638 1304 indicii
666 1241 808 1324 gratiam
835 1245 1096 1327 consecuturum3

85 1329 205 1392 malum
230 1331 338 1391 autem
361 1327 441 1393 adeo
461 1349 528 1392 non
547 1350 627 1411 esse,
650 1349 712 1394 esse
729 1333 767 1393 ut
780 1327 1005 1394 Christianum
1026 1353 1097 1395 reus

85 1436 143 1480 nec
163 1415 366 1481 erubesceret
382 1438 441 1481 nec
459 1416 590 1496 timeret
608 1421 642 1482 et
659 1439 760 1480 unum
779 1418 996 1495 solummodo,
1015 1419 1098 1504 quod

49 1522 65 1570 3
84 1525 149 1569 non
172 1508 248 1568 ante
270 1506 436 1589 fateretur,
459 1505 648 1590 paeniteret.
688 1527 749 1570 nos
772 1509 882 1571 tamam
905 1527 979 1570 cum
1004 1509 1097 1572 sacri·

85 1593 175 1678 legos
195 1594 327 1677 aliquos
341 1598 374 1659 ct
391 1594 542 1673 incestos,
563 1593 743 1678 parricidas
762 1595 861 1659 ctiam
881 1595 1099 1662 defendendos
1113 1612 1135 1654 1⁶

85 1685 118 1746 et
138 1682 276 1748 tuendos
300 1683 563 1766 suscipiebamus,
586 1682 647 1748 hos
665 1703 724 1747 nec
743 1683 919 1748 audiendos
939 1683 973 1747 in
993 1688 1100 1749 totum

84 1770 289 1855 putabamus,
307 1792 551 1854 nonnumquam
570 1771 668 1835 etiam
687 1771 878 1836 miserantes
898 1793 1012 1837 eorum
1032 1795 1101 1838 eru·

85 1859 187 1922 delius
225 1858 462 1942 saeuiebamus,
499 1862 537 1923 ut
571 1864 797 1943 torqueremus
834 1859 1027 1925 confitentes
1061 1862 1102 1926 ad

84 1946 282 2030 negandum,
314 1947 464 2012 uidelicet
495 1969 536 2011 ne
567 1948 723 2030 perirent,
758 1952 945 2013 exercentes
978 1949 1016 2013 in
1048 1951 1101 2014 his

84 2055 269 2116 peruersam
295 2037 530 2119 quaestionem,
552 2059 618 2102 non
638 2058 719 2120 quae
743 2058 854 2101 uerum
879 2042 1021 2121 erueret,
1045 2040 1100 2103 sed
1116 2056 1138 2095 2⁰

49 2139 166 2205 equae
200 2124 403 2188 mendacium
437 2129 574 2208 cogeret.
617 2129 650 2188 et
677 2125 705 2188 si
733 2125 788 2208 qui
820 2125 978 2190 infirmior
1012 2129 1101 2192 malo

84 2232 214 2294 pressus
238 2217 272 2276 et
294 2213 400 2276 uictus
421 2210 642 2278 Christianum
667 2235 701 2277 se
723 2218 884 2297 negasset,
906 2216 1101 2280 fauebamus

85 2300 127 2382 ei,
161 2302 254 2450 quasi
287 2301 407 2365 eierato
439 2303 570 2366 nomine
603 2303 667 2365 iam
701 2303 810 2366 omnia
839 2301 928 2367 facta
955 2325 1017 2368 sua
1044 2305 1102 2369 illa

49 2406 64 2454 5
85 2388 258 2471 negatione
282 2392 444 2472 purgaret.
482 2390 723 2474 adgnoscitisne
743 2391 856 2454 eadem
879 2412 940 2456 nos
959 2393 1101 2457 sensisse

85 2475 287 2559 etgessisse,
311 2498 392 2559 quas
415 2498 471 2541 iios
494 2479 622 2542 sentitis
647 2484 680 2542 et
702 2485 787 2562 gerrt
764 2479 839 2543 tis?
863 2501 936 2544 cum
956 2481 984 2544 si
1004 2482 1101 2565 ratio,
1115 2499 1138 2539 2⁵

83 2586 149 2627 non
186 2564 356 2648 instigatio
396 2565 561 2631 daemonis
599 2567 770 2650 iudicaret,
806 2573 903 2632 esseut
937 2569 1101 2652 urguendi

155 2781 170 2827 2
190 2775 224 2828 de
244 2776 354 2831 addidit
374 2775 499 2844 Carrion
520 2782 537 2829 4
556 2775 746 2845 penitentibus
766 2783 785 2828 P
805 2774 942 2845 {fecimus
964 2776 1017 2831 We
1016 2779 1099 2846 paea-

82 2845 319 2911 sius:fu1musP
339 2848 529 2915 quodaliauis
548 2848 669 2913 defendit
658 2847 806 2901 tKoclcius
819 2848 859 2915 lit
877 2846 981 2901 haebet
1001 2856 1049 2900 se'e‘
1072 2868 1101 2904 es

83 2919 139 2983 (see
162 2919 339 2986 capuccium)
358 2923 377 2968 P
400 2919 409 2986 ss
432 2924 448 2971 8
470 2917 532 2971 ubis
552 2920 596 2986 (=
617 2917 721 2998 uerbis)
739 2920 850 2987 scripsi:
874 2918 909 2972 ab
928 2916 972 2971 his
992 2924 1013 2970 P
1031 2920 1103 2975 delet

83 2987 266 3043 Heumauuus
290 2987 377 3041 aniles
402 2988 533 3043 Useucrus
558 2993 567 3056 ΙΙ
592 2995 624 3042 10
649 2988 737 3042 exisse
757 2990 917 3056 rescripsi:
941 2989 1063 3045 existere
1083 2997 1103 3043 P

84 3059 153 3113 extit
141 3059 211 3113 tisse
229 3058 360 3112 Halmius
379 3058 497 3113 existere
515 3062 565 3128 pot
566 3059 639 3113 uisse
659 3061 782 3114 Koclcius
796 3063 805 3129 ΙΙ
821 3065 852 3113 12
873 3059 942 3113 adeo
962 3076 1019 3114 non
1039 3078 1101 3115 esse

83 3136 116 3183 ut
140 3127 309 3183 christianus
333 3146 395 3183 reus
419 3136 452 3196 P,
478 3133 584 3185 correxi
608 3132 650 3197 (ut
674 3130 842 3183 christianus
866 3147 928 3184 reus
952 3146 1014 3184 esse
1038 3132 1102 3187 Use-

83 3203 201 3270 uersati
218 3205 249 3252 13
270 3200 771 3271 solumodoPll14faere'seripsir
790 3200 1104 3270 sueritPiueptissime,

82 3274 163 3341 quasi
182 3277 245 3325 aute
264 3273 463 3326 accusationem
486 3288 542 3326 uou
564 3273 649 3338 fuerit
672 3273 840 3326 christianus
860 3274 864 3341 Ι
885 3273 1031 3340 peneteret
1050 3279 1071 3325 P
1100 3275 1102 3341 l

84 3345 117 3396 15
143 3342 264 3413 aliquos]
288 3359 326 3396 au
350 3341 522 3410 aliquando.
518 3342 532 3382 9
551 3346 560 3413 ll
584 3349 616 3396 19
640 3344 749 3412 perient
771 3345 819 3412 Pl]
841 3348 874 3396 22
899 3358 1030 3410 praessus
1053 3349 1075 3396 P
1100 3345 1104 3416 1

83 3418 117 3468 25
148 3414 267 3482 gessisse
296 3428 448 3483 auoupmus
478 3414 641 3468 Parisinus:
669 3414 756 3484 egisse
783 3420 803 3466 P
832 3411 988 3483 (egisse-
1016 3414 1103 3483 agitis

82 3483 279 3613 aquaticus)
296 3483 299 3552 l
315 3501 365 3538 uos
384 3485 535 3539 addiditl
549 3486 576 3539 I.
589 3484 790 3539 Ocrueiisseuus
803 3487 813 3553 ΙΙ
827 3490 860 3539 26
879 3484 972 3537 essent
990 3485 1103 3541 addidit

140 3571 218 3610 arcus
