2378 3930
492 216 679 258 PRAEFATIO.
1012 210 1051 257 XI

129 352 205 423 gitur
219 353 247 406 ia
262 352 339 422 ABG,
361 369 412 407 nec
429 353 605 408 dubitandum
623 361 680 421 est,
711 353 776 426 quin
798 355 839 408 sic
858 354 1000 426 scripserit
1025 354 1048 408 is

131 438 176 509 qui
193 435 247 490 hoc
261 453 368 491 carmen
384 438 540 510 composuit
556 432 588 509 (v.
601 437 716 492 indicem
733 455 754 492 s.
765 437 809 508 v.).
840 436 911 492 idem
927 444 1049 493 statuen-

128 520 193 575 dum
209 520 317 576 ridetur
332 522 365 577 de
381 521 443 575 elce
458 538 496 576 vs.
515 521 553 577 17
570 528 598 576 ct
615 525 726 576 eminus
741 539 780 576 vs.
792 521 841 578 68.
856 550 897 560 -
912 520 961 576 21.
978 525 1049 576 sici-

129 606 217 658 licum
235 605 267 675 h,
284 603 330 660 uhi
348 604 486 677 vulgatum
503 607 634 661 sicilicus
649 622 705 660 non
730 604 846 661 debehat
869 612 962 660 tenere
980 603 1050 659 End·

128 687 249 743 licherus
268 688 345 759 (coni
369 708 406 746 rs.
423 684 482 761 78).
508 720 543 730 —
568 690 617 746 32.
634 691 707 745 Grai
719 690 776 758 AB,
798 690 883 744 Graii
896 688 988 762 vulgo.
1009 718 1046 749 τ

130 772 180 828 36.
196 789 229 826 ex
243 782 374 847 corrupta
389 775 416 829 in
432 772 494 828 ABG
511 775 645 847 scriptura
663 790 776 830 emnam
790 772 872 846 vulgo
889 773 990 829 foetum
1006 781 1048 828 est

129 860 199 911 iiiuc
215 856 295 928 Mna,
313 858 387 931 quod
402 866 476 914 recte
492 859 615 931 repudiat
632 857 821 926 Schenhelius,
838 859 896 931 ipse
911 861 941 912 ci
954 874 1048 912 mnam

130 942 288 996 coniieiens.
323 943 375 997 Sed
390 944 484 1015 potius
501 960 589 998 unam
601 960 661 998 cum
674 942 771 997 Vineto
788 941 970 1011 scribendum,
986 958 1049 1015 pro·

128 1025 221 1080 hatum
236 1025 262 1080 id
279 1026 385 1099 quidem
402 1035 429 1082 et
446 1025 607 1083 Schenhelio
623 1035 651 1083 et
666 1027 782 1082 Christio
798 1043 824 1099 p.
841 1025 880 1081 57
897 1024 1045 1097 (commen-

130 1110 192 1165 tarii
213 1109 240 1163 in
258 1112 311 1165 voi.
327 1111 336 1164 l
352 1128 378 1183 p.
398 1111 437 1167 67
453 1111 513 1167 adn.
530 1111 548 1167 5
572 1110 667 1183 citati).
686 1144 722 1156 —
740 1111 790 1168 37.
810 1111 944 1166 docuisse
964 1111 1048 1165 inter·

130 1191 216 1266 polati
239 1195 362 1265 codices,
389 1196 500 1250 dimisse
515 1190 562 1250 1³:
587 1204 715 1252 neutrum
739 1213 799 1251 cum
820 1195 969 1268 genuinum
989 1209 1049 1248 esse

129 1278 281 1348 rideretur,
298 1296 330 1334 ex
345 1295 468 1349 vocure,
484 1280 595 1352 antiqua
611 1282 745 1354 scriptura
761 1280 788 1334 in
803 1281 836 1351 A,
852 1278 928 1334 effeci
943 1293 1048 1332 memo-

130 1378 200 1416 rare
224 1363 287 1418 coli.
309 1381 347 1418 vs.
370 1364 418 1420 93.
442 1395 484 1404 -
506 1364 555 1421 38.
578 1365 707 1438 drapmis
723 1381 754 1419 ex
770 1367 807 1434 h,
829 1380 890 1420 nam
909 1361 1047 1434 vulgatum

131 1447 289 1502 drachmas
309 1456 363 1502 tam
383 1447 526 1505 herbarum
543 1457 602 1518 est,
626 1458 657 1505 ut
673 1450 801 1522 scriptori
818 1449 945 1503 carminis
964 1446 1046 1501 trihui

131 1547 185 1586 non
201 1533 306 1604 possit,
331 1535 376 1605 qui
399 1533 506 1606 quidem
527 1533 653 1606 drcpmis
673 1534 768 1606 posuit
787 1550 838 1606 pro
860 1533 1049 1604 drupmcrum

131 1631 259 1672 numero.
274 1646 318 1658 —
331 1615 381 1673 46.
399 1618 431 1672 de
447 1634 485 1672 oe
500 1623 527 1673 si
542 1618 613 1673 coni.
630 1635 668 1672 rs.
688 1617 758 1673 116.
778 1646 815 1657 -
834 1616 884 1673 48.
903 1632 958 1670 nec
973 1630 1047 1687 quae

131 1699 308 1756 Endiicherus
323 1701 472 1757 seeundum
481 1700 659 1758 Wernsdorfii
674 1703 874 1757 coniecturam:
892 1714 1049 1773 egenaque

131 1789 323 1859 praescripsi
346 1802 406 1841 cum
429 1786 600 1842 Schenhelio.
623 1817 661 1826 —
684 1785 734 1843 57.
750 1786 835 1840 maiis
850 1785 978 1840 nimirum
994 1800 1048 1839 non

131 1871 219 1924 minus
240 1879 314 1926 reete
329 1872 356 1925 in
371 1871 393 1923 A
411 1873 560 1943 seriptum,
581 1888 662 1942 quam
678 1871 842 1925 coniunctivi
862 1869 993 1943 leguntur
1009 1886 1048 1922 vs.

133 1954 181 2009 75.
199 1953 248 2009 94.
266 1953 326 2010 184
341 1972 379 2018 ε.;
394 1955 492 2009 salsum
506 1955 592 2025 igitur
608 1953 746 2024 vulgatum
758 1957 859 2007 mavis.
875 1982 911 1992 -
930 1952 979 2008 62.
999 1968 1048 2022 cp-

131 2038 182 2091 hus
199 2037 248 2091 hic
264 2039 323 2091 sine
337 2037 420 2092 dubio
443 2045 486 2091 est
503 2039 612 2109 antiqua
635 2038 788 2110 scriptura,
811 2053 871 2092 narn
893 2043 921 2090 ct
941 2036 989 2091 hic
1007 2051 1050 2090 re·

131 2121 252 2177 ctissime
276 2129 317 2174 est
332 2122 452 2194 positum
476 2129 504 2176 et
527 2121 592 2191 ephi
611 2120 682 2175 redit
699 2138 738 2176 vs.
756 2120 826 2176 195.
861 2120 981 2175 Pessime
1001 2120 1050 2174 hie

131 2204 213 2275 vulgo
229 2205 361 2260 omissum
377 2214 549 2276 metrumque
566 2203 712 2260 turbatum.
736 2203 913 2260 Schenheiius
929 2204 1048 2259 coniecit

132 2289 238 2357 cudus;
259 2290 336 2345 hanc
357 2306 395 2344 ne
416 2295 479 2353 cum
509 2289 644 2345 Christius
668 2288 695 2343 in
715 2289 782 2344 iiius.
803 2289 888 2344 Rhen.
904 2288 948 2343 XX
964 2305 992 2360 p.
1010 2288 1047 2343 71

132 2374 221 2429 cubus
238 2375 294 2429 hic.
319 2404 355 2415 -
381 2374 430 2431 69.
445 2374 495 2430 70.
521 2373 554 2429 de
576 2374 619 2428 his
640 2373 764 2429 versibus
780 2374 895 2429 muitum
911 2372 1050 2428 dubitave-

131 2467 196 2514 runt
211 2467 238 2513 ot
253 2460 361 2531 priores
376 2457 496 2515 editores
513 2466 540 2513 et
554 2474 643 2531 nuper
659 2457 836 2514 Schenhelius
852 2458 870 2512 l.
888 2475 911 2513 c.
928 2465 955 2513 et
972 2456 1048 2515 Chri-

133 2544 202 2598 stius
217 2545 245 2598 in
260 2543 326 2598 Mus.
342 2543 427 2598 Rhen.
442 2561 469 2615 p.
487 2541 536 2598 72.
572 2542 630 2614 Ego
646 2548 757 2599 secutus
778 2559 838 2597 sum
858 2541 1048 2597 Endiicherum

133 2632 196 2700 qm's
218 2625 334 2682 ablativo
357 2644 422 2683 casu
442 2626 622 2693 scribentem,
643 2643 711 2700 quae
730 2626 817 2681 forma
836 2626 906 2681 redit
920 2643 959 2680 vs.
978 2625 1048 2681 187.

133 2712 200 2766 Tum
219 2713 341 2784 proximo
358 2728 437 2766 versu
453 2711 526 2765 daos
547 2712 657 2765 restitui
674 2727 707 2765 ex
722 2709 799 2778 ABG,
823 2709 871 2764 uhi
892 2709 966 2765 dnus
979 2708 1050 2763 End·

132 2796 252 2851 licherus
269 2795 410 2867 praetulit,
425 2812 486 2851 eum
502 2812 562 2850 eum
578 2795 676 2849 lateret
693 2794 819 2848 choenic
835 2795 862 2848 in
880 2792 979 2848 tahulis
994 2809 1050 2848 me·

133 2878 293 2935 dicinaiibus
309 2879 433 2952 idemque
445 2879 517 2952 apud
529 2878 709 2952 Epiphanium
724 2887 752 2933 et
767 2879 794 2933 in
810 2878 963 2950 fragmento
978 2871 1051 2948 περὶ

133 2958 258 3036 μέτρων
276 2963 419 3019 masculini
439 2963 548 3035 generis
569 2979 630 3018 esse
647 2961 717 3033 (vide
734 2961 867 3033 indicem).
902 2962 957 3017 Nec
974 2961 1052 3017 deest

133 3048 245 3102 Latinus
261 3056 358 3103 auctor
375 3045 518 3119 Epiphanii
533 3048 671 3118 interpres
686 3064 711 3120 p.
723 3046 831 3118 loos.
861 3045 906 3102 Sic
922 3045 1051 3118 scriptori

132 3132 214 3187 huius
235 3131 363 3186 carminis
379 3147 441 3185 vere
457 3140 484 3186 et
503 3147 565 3186 cum
581 3131 693 3203 optimis
715 3129 872 3186 auctoribus
893 3145 1048 3202 congruens

132 3217 268 3288 expositio
295 3231 483 3270 mensurarum
509 3214 641 3269 vindicata
667 3223 725 3285 est,
755 3223 786 3270 ut
808 3213 923 3285 congius
951 3212 1049 3269 haheat

133 3301 277 3355 choenices
302 3308 360 3354 tres
385 3301 438 3353 sivo
468 3299 601 3354 sextarios
625 3316 671 3354 sex
695 3302 752 3354 sive
771 3296 875 3372 cotyles
898 3297 1050 3364 duodecim,

104 3400 108 3405 ·
133 3383 249 3439 choenix
265 3386 301 3439 sit
316 3384 432 3439 duorum
455 3383 633 3438 sextariorum
659 3384 714 3439 sive
735 3392 867 3456 quattuor
884 3382 1049 3455 eotyiarum:

133 3467 208 3523 nulia
230 3470 316 3540 igitur
338 3467 390 3522 iam
410 3467 481 3540 apud
502 3466 575 3523 hunc
589 3476 698 3540 poetam
715 3469 830 3523 choenix
845 3474 976 3540 quattuor
992 3480 1051 3518 sex·

135 3551 285 3620 tariorum,
308 3568 378 3625 quae
399 3551 570 3608 efficiebatur
592 3568 624 3607 ex
639 3552 748 3624 vulgata
769 3552 832 3606 olim
850 3551 987 3622 scriptura
1002 3551 1053 3618 qui
