2378 3930
44 889 112 954 108.
136 888 164 951 Ν
177 889 219 951 M.
232 888 366 951 Terentii
375 888 527 979 Varronis
542 890 581 950 de
593 888 700 969 liopne
711 888 826 950 Latine
842 890 921 953 libro
933 888 962 951 V

401 987 600 1071 (169-174).

106 1127 197 1189 llulta
225 1128 368 1206 pecuniae
392 1129 522 1206 signatae
545 1125 685 1187 vocabula
708 1134 785 1187 sunt.
830 1129 908 1189 aeris
930 1136 957 1189 et
971 1148 1009 1189 roe

44 1232 159 1308 argenti
181 1230 269 1291 hacc:
293 1246 325 1291 as
347 1228 384 1289 ab
406 1247 484 1309 aere.
529 1227 697 1308 dupondius
712 1246 729 1288 a
744 1227 861 1289 duobus
883 1247 958 1307 pon·

44 1330 180 1400 cleribus,
210 1330 288 1409 quod
318 1348 410 1391 unum
432 1329 549 1409 pondus
571 1330 772 1408 assipontium
794 1329 956 1391 dicebatur.
976 1348 992 1397 n

43 1433 74 1493 id
96 1432 179 1501 ideo,
204 1432 283 1511 quod
306 1450 337 1493 as
360 1439 424 1491 erat
445 1430 519 1491 libra
543 1431 668 1508 ponclns.
714 1430 821 1491 deinde
844 1430 880 1491 ab
903 1449 958 1491 nu·

44 1552 127 1595 mero
149 1533 297 1613 reliquum
320 1532 428 1593 dictum
452 1531 603 1611 usquead
627 1533 780 1600 centussis,
805 1540 837 1592 ut
852 1551 884 1593 as
899 1534 958 1593 sin·

46 1633 140 1714 gulari
162 1653 303 1705 numero,
327 1632 363 1694 ah
387 1633 482 1694 tribus
504 1633 619 1694 assibus
641 1635 750 1702 tressis,
775 1641 803 1693 et
825 1636 867 1695 sic
889 1651 959 1712 pro·

44 1738 181 1815 portione
203 1754 296 1815 usquc
318 1734 355 1795 ad
378 1736 524 1795 nonnssis.
569 1736 598 1794 in
622 1734 742 1795 donario
761 1753 886 1797 nurnero
903 1735 959 1794 hoc
973 1752 1011 1791 rao

44 1845 152 1907 mutat,
177 1839 255 1916 quod
278 1838 406 1915 primurn
429 1844 473 1897 est
495 1835 532 1896 ab
555 1834 658 1896 decern
682 1834 795 1896 assibus
818 1835 958 1903 decussis,
979 1838 1011 1886 10

44 1940 208 2000 secundum
242 1938 278 1999 ab
313 1937 428 1999 duobus
458 1936 631 1998 dooussibus
659 1936 792 1997 biccssis.
847 1936 961 2014 reliqua

44 2041 231 2109 conveniunt,
256 2040 334 2118 quod
358 2046 411 2107 est,
436 2046 468 2098 ut
490 2040 629 2109 tricessis,
652 2038 845 2118 proportione
868 2055 962 2116 usque

44 2142 82 2201 acl
113 2141 269 2210 centussis,
302 2159 360 2218 quo
388 2142 483 2202 maius
511 2140 587 2201 aeris
609 2140 762 2219 propriurn
786 2137 960 2199 vocabulum

45 2260 105 2302 non
134 2249 186 2303 est.
231 2260 298 2302 naor
328 2243 447 2304 <lucenti
476 2250 505 2303 et
533 2244 575 2302 sio
602 2242 793 2320 proportione
819 2258 896 2319 quae
918 2240 961 2300 cli·

45 2352 169 2413 cuntur,
200 2362 260 2404 non
289 2346 383 2424 magis
405 2361 486 2406 asses
508 2362 595 2422 quam
618 2343 732 2403 denarii
755 2341 863 2404 aliaeve
886 2361 960 2421 quae
979 2342 1013 2392 15

46 2464 96 2507 res
118 2447 328 2524 significantur.

113 2617 139 2664 4.
163 2612 189 2681 a]
214 2617 248 2666 ab
272 2618 320 2665 Pra¹
405 2617 430 2666 6.
454 2616 543 2681 pondo
568 2616 716 2665 Mommsen.
737 2613 826 2665 Geaclr.
845 2614 870 2662 d.
890 2614 961 2667 Nom.

47 2700 350 2763 Mtnzm.p.193adn.
372 2704 404 2750 75
507 2702 530 2749 t.
555 2699 689 2763 reliquum
716 2697 819 2747 dietum
841 2712 889 2747 om.
916 2699 963 2747 Pri

98 2789 255 2833 centussem
275 2786 322 2834 Pri
377 2789 409 2833 ut
427 2798 458 2833 us
477 2783 610 2848 singulari
628 2797 740 2831 numero
758 2796 804 2831 orn.
824 2782 873 2831 Pn·
890 2782 963 2847 (pro-

47 2868 90 2917 bat
107 2868 160 2933 Spe
177 2886 205 2933 p.
226 2868 273 2931 13)
345 2885 361 2918 u
380 2875 438 2918 ante
459 2868 593 2933 singulari
612 2868 673 2918 add.
691 2867 717 2915 N
792 2868 831 2917 10.
852 2866 961 2916 deensis

47 2953 73 3002 N
142 2956 181 3007 11.
202 2953 348 3003 deensibus
366 2953 392 3002 N
459 2952 563 3002 bicesis
576 2952 610 3015 N,
628 2950 745 3001 vioessis
763 2952 813 3001 Pri
844 2959 904 3015 post
921 2952 962 3000 bi-

48 3036 135 3087 eessis
147 3038 209 3086 FN
224 3039 285 3091 add.
306 3037 377 3102 quod
395 3037 452 3087 dici
469 3036 557 3087 solum
577 3035 699 3099 (solitum
721 3034 842 3098 turneb.)
862 3050 879 3083 n
898 3036 962 3085 duo-

48 3120 99 3170 bus
118 3121 279 3172 decussibus
298 3122 356 3185 (om.
369 3122 406 3187 N)
424 3120 548 3171 binensis
568 3120 696 3183 (bicessis
713 3122 754 3170 oet
770 3120 889 3185 bigessis
907 3122 961 3182 atii)

48 3208 89 3255 12.
110 3207 239 3256 tricensis
253 3207 281 3255 N
347 3209 387 3259 13.
403 3212 465 3271 post
483 3205 619 3256 centussis
636 3206 738 3256 codices
755 3205 885 3255 Prisciani
900 3207 962 3255 arist.

49 3290 120 3353 quod
139 3295 167 3340 et
183 3291 295 3342 Persius
319 3290 452 3354 ostendit,
482 3292 519 3341 Et
542 3294 653 3340 centum
675 3288 798 3340 Graecos
820 3304 876 3340 uno
899 3305 963 3339 cen-

49 3378 125 3425 tusse
143 3375 256 3440 licetur,
276 3392 340 3441 quae
359 3392 408 3426 non
425 3376 531 3441 scripsit
547 3378 603 3440 ipse
620 3375 769 3425 Priscianus
787 3372 852 3438 (Spe
870 3390 898 3437 p.
918 3373 963 3435 ttt

114 3456 180 3522 qno]
197 3460 268 3523 quort
284 3460 315 3509 N
387 3463 427 3515 15.
447 3461 562 3517 aliaeue
581 3456 673 3531 quael
691 3460 827 3525 ullusque
844 3458 898 3506 Pet

67 3553 175 3590 scrrrr.
196 3557 324 3598 uersor..
344 3563 381 3603 ιι,
827 3539 857 3603 Δ,
