2378 3930
394 170 573 228 cosumus
593 188 616 227 ο.
635 178 679 230 20.
697 178 740 228 21.
923 168 925 171 ·
1031 169 1103 236 31³·

59 319 114 383 uel
147 318 268 400 scripta
300 318 512 400 sapientium:
551 317 662 382 eadem
695 339 821 382 mecum
853 338 1074 403 recognosces.

60 407 104 471 ob
127 407 243 470 merita
265 406 396 470 uirtutis
421 409 478 470 aut
501 406 642 470 muneris
668 406 744 470 deos
768 406 899 471 habitos
917 406 1074 472 Euheme-
1098 423 1102 433 ·

60 517 116 560 rus
137 496 324 579 exsequitur
343 499 375 559 et
395 516 506 560 eorum
525 496 653 559 natales
671 495 794 578 patrias
814 496 964 578 sepulcra
983 497 1074 560 dinu-

59 587 165 649 merat
193 588 225 649 et
251 605 310 667 per
344 584 527 668 prouincias
560 586 736 666 monstrat,
770 583 898 649 Dictaei
925 584 1014 649 Iouis
1042 587 1075 648 et

31 672 223 756 5Apollinis
248 672 399 757 Delphici
427 676 460 736 et
486 671 626 738 Phariae
648 671 745 737 Isidis
774 676 807 738 et
829 671 955 738 Cereris
978 672 1073 737 Eleu-

60 761 173 828 siniae.
209 759 363 826 Prodicus
387 761 559 844 adsumpta
581 761 620 842 in„
637 761 714 826 deos
732 762 885 846 loquitur,
910 783 992 846 quae
1012 764 1109 843 [er-2

59 851 161 917 rando
180 850 322 915 inuentis
345 850 442 915 nouis
463 849 625 934 frugibus]
650 850 786 914 utilitati
809 851 977 916 hominum
1001 865 1097 934 pr0·'

60 939 199 1005 fuerunt.
239 940 274 1004 in
302 939 437 1004 eandem
466 939 662 1004 sententiam
690 942 722 1003 et
748 938 906 1004 Persaeus
933 939 1074 1022 philoso

59 1027 192 1112 phatur:
208 1028 271 1093 dici
286 1029 430 1093 adnectit
443 1028 595 1092 inuentae
609 1027 721 1111 fruges
736 1030 769 1091 et
781 1027 913 1112 frugum
926 1029 1074 1112 ipsarum

17 1132 46 1174 10
59 1122 242 1200 repertores
274 1117 377 1181 isdem
409 1116 609 1200 nominibus,
641 1121 679 1181 ut
706 1118 849 1182 comicus
879 1139 986 1182 sermo
1015 1122 1074 1195 est,

59 1203 220 1270 Venerem
242 1206 311 1270 sine
328 1205 447 1271 Libero
467 1209 500 1271 et
518 1204 634 1271 Cerere
654 1205 782 1290 frigere.
814 1205 1000 1271 Alexander
1018 1206 1108 1274 illes

59 1316 198 1379 magnus
225 1293 359 1360 Macedo
387 1295 508 1380 insigni
540 1295 706 1359 uolumine
738 1294 779 1358 ad
811 1298 949 1360 matrem
982 1317 1074 1359 suam

59 1384 205 1466 scripsit,
234 1387 324 1448 metu
352 1406 428 1448 suae
458 1383 631 1468 potestatis
659 1384 825 1466 proditum
853 1383 917 1448 sibi
945 1384 983 1448 de
1012 1383 1074 1448 diis

58 1472 246 1537 hominibus
270 1495 289 1536 a
312 1472 477 1537 sacerdote
501 1475 674 1537 secretum:
701 1472 771 1537 illic
789 1471 972 1538 Vulcanum
995 1472 1074 1538 facit

18 1577 46 1618 re
61 1560 207 1625 omnium
225 1559 412 1644 principem,
431 1564 465 1624 et
483 1563 599 1642 postea
617 1560 706 1624 louis
726 1565 864 1644 gentem.
898 1559 1074 1625 Saturnum
1092 1579 1110 1628 4

60 1648 146 1713 enim
182 1647 361 1732 principem
399 1647 495 1714 huius
532 1648 660 1730 generis
698 1652 732 1712 et
767 1649 925 1714 examinis
963 1671 1073 1714 omnes

60 1739 237 1822 scriptores
260 1738 433 1802 uetustatis
453 1735 569 1801 Graeci
586 1735 790 1821 Romanique
812 1737 978 1802 hominem
1000 1758 1074 1821 pro·

59 1827 219 1893 diderunt.
261 1826 324 1890 scit
349 1826 411 1892 hoc
439 1824 551 1910 Nepos
579 1829 613 1889 et
640 1823 772 1891 Oeneius
799 1826 834 1890 in
861 1825 1014 1909 historia3
1042 1830 1075 1891 et

44 1915 196 1981 Thallus
216 1936 253 1979 ac
267 1915 429 1980 Diodorus
445 1914 508 1980 hoc
526 1914 710 1998 loquuntur.
741 1915 771 1979 is
789 1915 899 1998 itaque
914 1913 1073 1980 Saturnus
1092 1933 1108 1983 5

21 2021 47 2060 20
61 2001 157 2068 Oreta
180 2003 337 2090 profugus
355 2003 488 2070 Italiam
512 2006 601 2068 metu
619 2003 680 2068 filii
699 2003 874 2068 saeuientis
894 2008 1074 2068 accesserat

60 2096 93 2157 et
110 2091 183 2156 Iani
206 2096 374 2176 susceptus
395 2092 540 2176 hospitio
560 2091 654 2157 rudes
672 2093 747 2157 illos
766 2093 912 2157 homines
932 2096 964 2156 et
984 2112 1073 2177 agre·

60 2184 128 2246 stes
161 2180 266 2246 multa
297 2182 407 2246 docuit
437 2186 475 2246 ut
504 2180 681 2246 Graeculus
714 2184 747 2246 et
778 2181 915 2266 politus,
947 2182 1073 2246 litteras

59 2270 245 2355 inprimere,
264 2293 414 2337 nummos
433 2271 571 2356 signare,
588 2271 805 2334 instrumenta
822 2270 988 2336 conficere.
1015 2271 1074 2334 ita·
1093 2289 1109 2338 6

60 2380 120 2443 que
143 2359 303 2424 latebram
327 2382 427 2439 suam,
451 2360 537 2444 quod
555 2362 627 2424 tuto
646 2360 807 2439 latuisset,
830 2361 941 2425 uocari
958 2361 1075 2425 meluit

20 2463 45 2504 2⁵
58 2447 204 2533 Latium,
230 2452 264 2513 et
286 2451 399 2514 urbem
424 2447 612 2514 Saturniam
634 2448 719 2513 idem
743 2449 781 2513 de
806 2470 864 2514 suo
888 2450 1018 2515 nomine
1042 2453 1075 2514 et

132 2611 147 2659 2
167 2605 340 2662 Euhemerus
355 2606 496 2662 Gelenius:
515 2607 625 2661 eruerat
638 2610 658 2658 P
672 2607 681 2674 ΙΙ
695 2611 712 2660 4
731 2604 808 2659 dieta
824 2605 851 2658 ei
864 2605 936 2660 iouis
949 2607 986 2674 (ei
999 2607 1031 2660 io
1045 2607 1074 2660 et
1119 2658 1135 2668 ,

60 2679 140 2736 corr.)
154 2681 174 2729 P
187 2677 197 2745 i
212 2681 227 2730 5
247 2678 359 2732 delfices
379 2678 467 2733 fariae
486 2679 528 2746 (io
546 2677 611 2731 delfi
627 2677 656 2730 et
669 2676 765 2744 pariae
780 2691 849 2730 corr.
863 2693 897 2729 m.
912 2677 943 2743 2)
956 2681 984 2744 P,
1004 2692 1072 2731 corr.

59 2747 99 2800 eoi.
124 2763 170 2815 pr.
193 2750 203 2816 t
226 2754 242 2802 6
265 2747 399 2817 prodigus
422 2753 455 2815 P,
479 2764 549 2803 corr.
573 2746 716 2815 Ripaltius
740 2749 744 2813 Ι
770 2745 976 2815 adsumpta-
1001 2762 1074 2814 quae

58 2817 159 2885 scripsi
172 2819 269 2887 (supra
283 2834 314 2888 p.
328 2816 456 2887 XXXII):
476 2819 639 2887 adsumptos
654 2847 687 2857 -
702 2817 749 2884 qui
763 2816 794 2887 Pl
815 2823 865 2884 6,7
881 2817 999 2872 errando
1012 2817 1032 2871 1.
1046 2834 1073 2871 n.

57 2886 187 2957 frugibus
205 2894 237 2943 ot
254 2890 385 2960 glossema
403 2891 440 2944 od
459 2887 567 2944 Cereris
586 2887 745 2942 Eleusiniae
802 2889 935 2956 scriptam
952 2890 1051 2944 seclusi
1064 2887 1074 2960 ll

61 2964 113 3026 8‚9
133 2975 248 3027 perseus
262 2959 419 3014 filosofatnr
432 2965 452 3013 P
465 2962 505 3029 ue
526 2959 582 3013 dici
600 2959 712 3029 scripsi:
731 2959 761 3013 et
776 2962 813 3026 ξ
832 2961 872 3026 (et
889 2976 924 3015 ea
942 2975 975 3013 ec
993 2963 1073 3029 corr.)

60 3035 93 3097 P;
122 3029 179 3083 dici
202 3035 266 3100 post
288 3030 378 3084 isdem
401 3032 481 3086 addit
508 3029 654 3097 Uaeoerus,
678 3029 789 3085 audisse
812 3031 912 3086 ibidem
932 3031 1048 3101 Maepr
1065 3030 1075 3102 il

62 3100 175 3183 1411111(
192 3101 349 3184 ,liipoitioa¹
366 3101 412 3155 illi
426 3107 446 3153 Ρ
459 3103 469 3171 ss
486 3107 518 3156 lt
533 3107 597 3170 post
616 3104 729 3170 gentem
748 3103 779 3157 ia
793 3108 813 3154 P
831 3106 960 3183 seruator
979 3103 1007 3156 et
1020 3104 1088 3183 ,dep

61 3189 145 3299 tit:
160 3170 669 3312 :atzqtlttttttititt
681 3172 1073 3300 trastulisti?

60 3315 134 3370 didit
151 3313 326 3380 Liuianum
349 3321 464 3370 ceterum
486 3330 581 3369 nacor
600 3330 635 3369 ne
653 3320 717 3384 posi
735 3319 849 3385 gentem
867 3317 972 3383 aliquot
990 3329 1072 3369 uoca-

61 3386 127 3440 bulo
141 3387 278 3455 perierint
296 3385 380 3455 (enim
400 3402 453 3456 qao
466 3386 603 3454 referatur
616 3401 673 3440 aaa
686 3388 765 3443 babet
777 3429 784 3455 ,
798 3388 899 3442 aetati:
917 3401 1008 3439 rerum
1023 3402 1072 3454 po·

60 3456 144 3511 titam
163 3473 233 3522 esse,
251 3457 418 3512 dissentiens
436 3474 454 3511 a
472 3456 571 3512 ceteris
586 3456 764 3525 auctoribus!
785 3463 817 3513 18
833 3460 862 3512 et
876 3457 1014 3525 (aiterum)
1029 3458 1071 3512 de·
1101 3486 1106 3495 ·

61 3528 115 3582 iere
127 3529 186 3584 uolt
199 3527 331 3584 Halmius
345 3531 354 3599 u
368 3534 402 3583 25
416 3528 491 3583 idom
507 3527 651 3584 Uacaerus:
666 3526 745 3584 dedit
757 3535 778 3580 P
791 3527 882 3583 indito
893 3527 1070 3583 Dornbortus.
