<?xml version="1.0" encoding="UTF-8"?>
<!DOCTYPE html PUBLIC "-//W3C//DTD XHTML 1.0 Transitional//EN"
    "http://www.w3.org/TR/xhtml1/DTD/xhtml1-transitional.dtd">
<html xmlns="http://www.w3.org/1999/xhtml" xml:lang="en" lang="en">
 <head>
  <title>
</title>
<meta http-equiv="Content-Type" content="text/html;charset=utf-8" />
  <meta name='ocr-system' content='tesseract 3.04.00' />
  <meta name='ocr-capabilities' content='ocr_page ocr_carea ocr_par ocr_line ocrx_word'/>
</head>
<body>
  <div class='ocr_page' id='page_1' title='image "./pomponiimelaede02melagoog_0054.png"; bbox 0 0 2378 3930; ppageno 0'>
   <div class='ocr_carea' id='block_1_1' title="bbox 388 211 1097 284">
    <p class='ocr_par' dir='ltr' id='par_1_1' title="bbox 388 211 1097 284">
     <span class='ocr_line' id='line_1_1' title="bbox 388 211 1097 284; baseline 0.014 -15"><span class='ocrx_word' id='word_1_1' title='bbox 388 211 572 272; x_wconf 76' lang='lat' dir='ltr'><strong>oflonoan.</strong></span> <span class='ocrx_word' id='word_1_2' title='bbox 590 212 617 270; x_wconf 86' lang='lat'><strong>11</strong></span> <span class='ocrx_word' id='word_1_3' title='bbox 636 219 652 269; x_wconf 85' lang='lat' dir='ltr'><strong>a</strong></span> <span class='ocrx_word' id='word_1_4' title='bbox 672 215 799 284; x_wconf 72' lang='lat' dir='ltr'><strong>(ec-ea</strong></span> <span class='ocrx_word' id='word_1_5' title='bbox 1055 214 1097 281; x_wconf 74' lang='lat'><strong>37</strong></span> 
     </span>
    </p>
   </div>
   <div class='ocr_carea' id='block_1_2' title="bbox 45 373 1157 2853">
    <p class='ocr_par' dir='ltr' id='par_1_2' title="bbox 45 373 1157 2853">
     <span class='ocr_line' id='line_1_2' title="bbox 82 373 1100 461; baseline 0.002 -20"><span class='ocrx_word' id='word_1_6' title='bbox 82 373 171 441; x_wconf 86' lang='lat' dir='ltr'><strong>mine</strong></span> <span class='ocrx_word' id='word_1_7' title='bbox 203 375 320 460; x_wconf 83' lang='lat' dir='ltr'><strong>grandi</strong></span> <span class='ocrx_word' id='word_1_8' title='bbox 350 375 459 443; x_wconf 83' lang='lat' dir='ltr'><strong>fronte</strong></span> <span class='ocrx_word' id='word_1_9' title='bbox 487 376 649 461; x_wconf 75' lang='lat' dir='ltr'><strong>procedit,</strong></span> <span class='ocrx_word' id='word_1_10' title='bbox 680 397 756 441; x_wconf 86' lang='lat' dir='ltr'><strong>mox</strong></span> <span class='ocrx_word' id='word_1_11' title='bbox 783 375 867 441; x_wconf 90' lang='lat' dir='ltr'><strong>mari</strong></span> <span class='ocrx_word' id='word_1_12' title='bbox 898 379 1035 461; x_wconf 88' lang='lat' dir='ltr'><strong>utroque</strong></span> <span class='ocrx_word' id='word_1_13' title='bbox 1067 382 1100 443; x_wconf 85' lang='lat' dir='ltr'><strong>et</strong></span> 
     </span>
     <span class='ocr_line' id='line_1_3' title="bbox 81 462 1102 549; baseline 0.005 -22"><span class='ocrx_word' id='word_1_14' title='bbox 81 462 176 529; x_wconf 91' lang='lat' dir='ltr'><strong>Ionio</strong></span> <span class='ocrx_word' id='word_1_15' title='bbox 200 464 307 548; x_wconf 84' lang='lat' dir='ltr'><strong>magis</strong></span> <span class='ocrx_word' id='word_1_16' title='bbox 326 465 431 529; x_wconf 90' lang='lat' dir='ltr'><strong>latera</strong></span> <span class='ocrx_word' id='word_1_17' title='bbox 450 464 519 529; x_wconf 87' lang='lat' dir='ltr'><strong>eius</strong></span> <span class='ocrx_word' id='word_1_18' title='bbox 538 464 691 549; x_wconf 87' lang='lat' dir='ltr'><strong>intrante,</strong></span> <span class='ocrx_word' id='word_1_19' title='bbox 713 464 815 530; x_wconf 91' lang='lat' dir='ltr'><strong>donec</strong></span> <span class='ocrx_word' id='word_1_20' title='bbox 835 468 991 549; x_wconf 90' lang='lat' dir='ltr'><strong>quattuor</strong></span> <span class='ocrx_word' id='word_1_21' title='bbox 1008 465 1102 532; x_wconf 87' lang='lat' dir='ltr'><strong>milia</strong></span> 
     </span>
     <span class='ocr_line' id='line_1_4' title="bbox 81 552 1153 637; baseline 0.001 -19"><span class='ocrx_word' id='word_1_22' title='bbox 81 573 240 636; x_wconf 78' lang='lat' dir='ltr'><strong>passuum</strong></span> <span class='ocrx_word' id='word_1_23' title='bbox 262 556 385 637; x_wconf 87' lang='lat' dir='ltr'><strong>pateat,</strong></span> <span class='ocrx_word' id='word_1_24' title='bbox 407 552 516 619; x_wconf 89' lang='lat' dir='ltr'><strong>media</strong></span> <span class='ocrx_word' id='word_1_25' title='bbox 532 552 635 618; x_wconf 87' lang='lat' dir='ltr'><strong>fermo</strong></span> <span class='ocrx_word' id='word_1_26' title='bbox 657 573 759 636; x_wconf 83' lang='lat' dir='ltr'>prope</span> <span class='ocrx_word' id='word_1_27' title='bbox 777 552 943 620; x_wconf 72' lang='lat' dir='ltr'><strong>inciditur.</strong></span> <span class='ocrx_word' id='word_1_28' title='bbox 986 553 1099 621; x_wconf 89' lang='lat' dir='ltr'><strong>deinde</strong></span> <span class='ocrx_word' id='word_1_29' title='bbox 1118 568 1153 619; x_wconf 82' lang='lat' dir='ltr'><strong>aa</strong></span> 
     </span>
     <span class='ocr_line' id='line_1_5' title="bbox 81 640 1144 727; baseline 0.005 -22"><span class='ocrx_word' id='word_1_30' title='bbox 81 662 212 709; x_wconf 87' lang='lat' dir='ltr'><strong>rursum</strong></span> <span class='ocrx_word' id='word_1_31' title='bbox 234 640 331 707; x_wconf 85' lang='lat' dir='ltr'><strong>terris</strong></span> <span class='ocrx_word' id='word_1_32' title='bbox 354 641 418 707; x_wconf 89' lang='lat' dir='ltr'><strong>huc</strong></span> <span class='ocrx_word' id='word_1_33' title='bbox 441 663 475 708; x_wconf 86' lang='lat' dir='ltr'><strong>se</strong></span> <span class='ocrx_word' id='word_1_34' title='bbox 499 643 533 707; x_wconf 89' lang='lat' dir='ltr'><strong>ct</strong></span> <span class='ocrx_word' id='word_1_35' title='bbox 554 641 644 727; x_wconf 88' lang='lat' dir='ltr'><strong>illue,</strong></span> <span class='ocrx_word' id='word_1_36' title='bbox 666 662 779 707; x_wconf 84' lang='lat' dir='ltr'><strong>rerum</strong></span> <span class='ocrx_word' id='word_1_37' title='bbox 799 640 836 705; x_wconf 89' lang='lat' dir='ltr'><strong>in</strong></span> <span class='ocrx_word' id='word_1_38' title='bbox 857 640 988 710; x_wconf 88' lang='lat' dir='ltr'><strong>Ionium</strong></span> <span class='ocrx_word' id='word_1_39' title='bbox 1010 664 1099 710; x_wconf 88' lang='lat' dir='ltr'><strong>mare</strong></span> <span class='ocrx_word' id='word_1_40' title='bbox 1141 665 1144 673; x_wconf 90' lang='lat'><em>·</em></span> 
     </span>
     <span class='ocr_line' id='line_1_6' title="bbox 57 726 1101 815; baseline 0.005 -21"><span class='ocrx_word' id='word_1_41' title='bbox 57 729 190 815; x_wconf 39' lang='lat' dir='ltr'><strong>amantis</strong></span> <span class='ocrx_word' id='word_1_42' title='bbox 213 726 470 814; x_wconf 81' lang='lat' dir='ltr'><strong>expandentibus</strong></span> <span class='ocrx_word' id='word_1_43' title='bbox 488 730 735 815; x_wconf 78' lang='lat' dir='ltr'><strong>progressisque</strong></span> <span class='ocrx_word' id='word_1_44' title='bbox 758 729 793 793; x_wconf 92' lang='lat' dir='ltr'><strong>in</strong></span> <span class='ocrx_word' id='word_1_45' title='bbox 811 729 925 814; x_wconf 89' lang='lat' dir='ltr'><strong>altum,</strong></span> <span class='ocrx_word' id='word_1_46' title='bbox 946 736 1101 799; x_wconf 91' lang='lat' dir='ltr'><strong>nontam</strong></span> 
     </span>
     <span class='ocr_line' id='line_1_7' title="bbox 81 817 1102 904; baseline 0.005 -22"><span class='ocrx_word' id='word_1_47' title='bbox 81 817 153 883; x_wconf 83' lang='lat' dir='ltr'><strong>lata</strong></span> <span class='ocrx_word' id='word_1_48' title='bbox 180 839 280 903; x_wconf 88' lang='lat' dir='ltr'><strong>quam</strong></span> <span class='ocrx_word' id='word_1_49' title='bbox 311 822 475 902; x_wconf 87' lang='lat' dir='ltr'><strong>coeperat,</strong></span> <span class='ocrx_word' id='word_1_50' title='bbox 505 819 620 904; x_wconf 85' lang='lat' dir='ltr'><strong>ingens</strong></span> <span class='ocrx_word' id='word_1_51' title='bbox 649 822 761 886; x_wconf 90' lang='lat' dir='ltr'><strong>tamen</strong></span> <span class='ocrx_word' id='word_1_52' title='bbox 791 819 911 885; x_wconf 76' lang='lat' dir='ltr'><strong>iterum</strong></span> <span class='ocrx_word' id='word_1_53' title='bbox 944 821 977 882; x_wconf 89' lang='lat' dir='ltr'><strong>et</strong></span> <span class='ocrx_word' id='word_1_54' title='bbox 1008 821 1102 904; x_wconf 80' lang='lat' dir='ltr'><strong>quasi</strong></span> 
     </span>
     <span class='ocr_line' id='line_1_8' title="bbox 81 905 1098 992; baseline 0.004 -21"><span class='ocrx_word' id='word_1_55' title='bbox 81 907 314 990; x_wconf 87' lang='lat' dir='ltr'><strong>paeneinsula</strong></span> <span class='ocrx_word' id='word_1_56' title='bbox 336 907 535 987; x_wconf 85' lang='lat' dir='ltr'><strong>extenditur,</strong></span> <span class='ocrx_word' id='word_1_57' title='bbox 556 910 757 991; x_wconf 74' lang='lat' dir='ltr'>vocaturque</span> <span class='ocrx_word' id='word_1_58' title='bbox 779 905 1033 992; x_wconf 78' lang='lat' dir='ltr'>Peloponnesos,</span> <span class='ocrx_word' id='word_1_59' title='bbox 1055 908 1098 975; x_wconf 90' lang='lat' dir='ltr'><strong>ob</strong></span> 
     </span>
     <span class='ocr_line' id='line_1_9' title="bbox 82 994 1102 1081; baseline 0.003 -21"><span class='ocrx_word' id='word_1_60' title='bbox 82 996 172 1061; x_wconf 86' lang='lat' dir='ltr'><strong>sinus</strong></span> <span class='ocrx_word' id='word_1_61' title='bbox 197 1000 231 1063; x_wconf 90' lang='lat' dir='ltr'><strong>et</strong></span> <span class='ocrx_word' id='word_1_62' title='bbox 251 995 489 1080; x_wconf 88' lang='lat' dir='ltr'><strong>promunturia,</strong></span> <span class='ocrx_word' id='word_1_63' title='bbox 512 994 585 1081; x_wconf 88' lang='lat' dir='ltr'><strong>quis</strong></span> <span class='ocrx_word' id='word_1_64' title='bbox 609 999 647 1063; x_wconf 92' lang='lat' dir='ltr'><strong>ut</strong></span> <span class='ocrx_word' id='word_1_65' title='bbox 667 995 760 1061; x_wconf 87' lang='lat' dir='ltr'><strong>fibris</strong></span> <span class='ocrx_word' id='word_1_66' title='bbox 784 995 883 1061; x_wconf 91' lang='lat' dir='ltr'><strong>litora</strong></span> <span class='ocrx_word' id='word_1_67' title='bbox 907 995 976 1060; x_wconf 89' lang='lat' dir='ltr'><strong>eius</strong></span> <span class='ocrx_word' id='word_1_68' title='bbox 998 995 1102 1063; x_wconf 83' lang='lat' dir='ltr'><strong>incisa</strong></span> 
     </span>
     <span class='ocr_line' id='line_1_10' title="bbox 82 1083 1103 1170; baseline 0 -21"><span class='ocrx_word' id='word_1_69' title='bbox 82 1087 174 1168; x_wconf 85' lang='lat' dir='ltr'><strong>sunt,</strong></span> <span class='ocrx_word' id='word_1_70' title='bbox 206 1083 305 1151; x_wconf 82' lang='lat' dir='ltr'><strong>simul</strong></span> <span class='ocrx_word' id='word_1_71' title='bbox 336 1083 421 1168; x_wconf 78' lang='lat' dir='ltr'><strong>quod</strong></span> <span class='ocrx_word' id='word_1_72' title='bbox 452 1084 544 1153; x_wconf 88' lang='lat' dir='ltr'><strong>tenui</strong></span> <span class='ocrx_word' id='word_1_73' title='bbox 570 1085 703 1150; x_wconf 87' lang='lat' dir='ltr'><strong>tramite</strong></span> <span class='ocrx_word' id='word_1_74' title='bbox 735 1084 771 1149; x_wconf 92' lang='lat' dir='ltr'><strong>in</strong></span> <span class='ocrx_word' id='word_1_75' title='bbox 801 1084 888 1150; x_wconf 87' lang='lat' dir='ltr'><strong>latus</strong></span> <span class='ocrx_word' id='word_1_76' title='bbox 921 1083 1103 1170; x_wconf 82' lang='lat' dir='ltr'><strong>effunditur,</strong></span> 
     </span>
     <span class='ocr_line' id='line_1_11' title="bbox 47 1171 1155 1256; baseline 0.004 -20"><span class='ocrx_word' id='word_1_77' title='bbox 47 1196 70 1237; x_wconf 85' lang='lat' dir='ltr'><strong>a</strong></span> <span class='ocrx_word' id='word_1_78' title='bbox 80 1172 210 1256; x_wconf 83' lang='lat' dir='ltr'><strong>platani</strong></span> <span class='ocrx_word' id='word_1_79' title='bbox 231 1171 312 1239; x_wconf 82' lang='lat' dir='ltr'><strong>lolio</strong></span> <span class='ocrx_word' id='word_1_80' title='bbox 332 1172 507 1245; x_wconf 83' lang='lat' dir='ltr'><strong>simillima</strong></span> <span class='ocrx_word' id='word_1_81' title='bbox 553 1172 785 1239; x_wconf 85' lang='lat' dir='ltr'><strong>aMeocdonia</strong></span> <span class='ocrx_word' id='word_1_82' title='bbox 805 1172 912 1256; x_wconf 89' lang='lat' dir='ltr'><strong>prima</strong></span> <span class='ocrx_word' id='word_1_83' title='bbox 934 1175 986 1238; x_wconf 87' lang='lat' dir='ltr'><strong>est</strong></span> <span class='ocrx_word' id='word_1_84' title='bbox 1003 1171 1102 1241; x_wconf 85' lang='lat' dir='ltr'><strong>&#39;Phes-</strong></span> <span class='ocrx_word' id='word_1_85' title='bbox 1121 1189 1155 1240; x_wconf 77' lang='lat' dir='ltr'><strong>aa</strong></span> 
     </span>
     <span class='ocr_line' id='line_1_12' title="bbox 82 1259 1103 1347; baseline 0.002 -22"><span class='ocrx_word' id='word_1_86' title='bbox 82 1260 185 1346; x_wconf 86' lang='lat' dir='ltr'><strong>salia,</strong></span> <span class='ocrx_word' id='word_1_87' title='bbox 226 1261 342 1329; x_wconf 83' lang='lat' dir='ltr'><strong>deinde</strong></span> <span class='ocrx_word' id='word_1_88' title='bbox 377 1260 570 1346; x_wconf 75' lang='lat' dir='ltr'><strong>Magnesia,</strong></span> <span class='ocrx_word' id='word_1_89' title='bbox 602 1261 789 1345; x_wconf 76' lang='lat' dir='ltr'><strong>Phthiotis,</strong></span> <span class='ocrx_word' id='word_1_90' title='bbox 823 1259 941 1344; x_wconf 87' lang='lat' dir='ltr'><strong>Doris,</strong></span> <span class='ocrx_word' id='word_1_91' title='bbox 980 1260 1103 1347; x_wconf 87' lang='lat' dir='ltr'><strong>Locris,</strong></span> 
     </span>
     <span class='ocr_line' id='line_1_13' title="bbox 81 1348 1103 1434; baseline 0.003 -22"><span class='ocrx_word' id='word_1_92' title='bbox 81 1348 217 1433; x_wconf 87' lang='lat' dir='ltr'><strong>Phocis,</strong></span> <span class='ocrx_word' id='word_1_93' title='bbox 239 1349 389 1434; x_wconf 89' lang='lat' dir='ltr'><strong>Boeotis,</strong></span> <span class='ocrx_word' id='word_1_94' title='bbox 411 1349 542 1433; x_wconf 84' lang='lat' dir='ltr'><strong>Atthis,</strong></span> <span class='ocrx_word' id='word_1_95' title='bbox 564 1349 720 1434; x_wconf 83' lang='lat' dir='ltr'><strong>Megaris,</strong></span> <span class='ocrx_word' id='word_1_96' title='bbox 741 1349 797 1415; x_wconf 90' lang='lat' dir='ltr'><strong>sed</strong></span> <span class='ocrx_word' id='word_1_97' title='bbox 820 1349 966 1415; x_wconf 92' lang='lat' dir='ltr'><strong>omnium</strong></span> <span class='ocrx_word' id='word_1_98' title='bbox 990 1350 1103 1415; x_wconf 79' lang='lat' dir='ltr'><strong>Atthis</strong></span> 
     </span>
     <span class='ocr_line' id='line_1_14' title="bbox 82 1436 1104 1523; baseline 0 -20"><span class='ocrx_word' id='word_1_99' title='bbox 82 1437 280 1523; x_wconf 85' lang='lat' dir='ltr'><strong>clarissima;</strong></span> <span class='ocrx_word' id='word_1_100' title='bbox 311 1438 347 1505; x_wconf 93' lang='lat' dir='ltr'><strong>in</strong></span> <span class='ocrx_word' id='word_1_101' title='bbox 377 1438 605 1522; x_wconf 82' lang='lat' dir='ltr'><strong>Peloponneso</strong></span> <span class='ocrx_word' id='word_1_102' title='bbox 636 1436 787 1522; x_wconf 78' lang='lat' dir='ltr'><strong>Argolis,</strong></span> <span class='ocrx_word' id='word_1_103' title='bbox 815 1437 989 1523; x_wconf 82' lang='lat' dir='ltr'><strong>Laconica,</strong></span> <span class='ocrx_word' id='word_1_104' title='bbox 1020 1436 1104 1505; x_wconf 88' lang='lat' dir='ltr'><strong>Mos·</strong></span> 
     </span>
     <span class='ocr_line' id='line_1_15' title="bbox 82 1525 1103 1612; baseline 0.001 -22"><span class='ocrx_word' id='word_1_105' title='bbox 82 1527 186 1611; x_wconf 86' lang='lat' dir='ltr'><strong>senia,</strong></span> <span class='ocrx_word' id='word_1_106' title='bbox 205 1526 343 1612; x_wconf 87' lang='lat' dir='ltr'><strong>Achaia,</strong></span> <span class='ocrx_word' id='word_1_107' title='bbox 362 1527 446 1611; x_wconf 80' lang='lat' dir='ltr'><strong>Elia,</strong></span> <span class='ocrx_word' id='word_1_108' title='bbox 467 1526 621 1610; x_wconf 85' lang='lat' dir='ltr'><strong>Arcadia3</strong></span> <span class='ocrx_word' id='word_1_109' title='bbox 643 1527 734 1593; x_wconf 86' lang='lat' dir='ltr'><strong>ultra</strong></span> <span class='ocrx_word' id='word_1_110' title='bbox 756 1525 896 1611; x_wconf 90' lang='lat' dir='ltr'><strong>Aetolia,</strong></span> <span class='ocrx_word' id='word_1_111' title='bbox 917 1526 1103 1592; x_wconf 78' lang='lat' dir='ltr'><strong>Acarnania</strong></span> 
     </span>
     <span class='ocr_line' id='line_1_16' title="bbox 47 1614 1156 1703; baseline 0.004 -26"><span class='ocrx_word' id='word_1_112' title='bbox 47 1636 69 1677; x_wconf 89' lang='lat' dir='ltr'><strong>u</strong></span> <span class='ocrx_word' id='word_1_113' title='bbox 82 1618 116 1680; x_wconf 90' lang='lat' dir='ltr'><strong>et</strong></span> <span class='ocrx_word' id='word_1_114' title='bbox 137 1614 261 1700; x_wconf 76' lang='lat' dir='ltr'><strong>Epiros</strong></span> <span class='ocrx_word' id='word_1_115' title='bbox 282 1637 384 1700; x_wconf 87' lang='lat' dir='ltr'><strong>usque</strong></span> <span class='ocrx_word' id='word_1_116' title='bbox 407 1617 443 1681; x_wconf 90' lang='lat' dir='ltr'><strong>in</strong></span> <span class='ocrx_word' id='word_1_117' title='bbox 464 1614 620 1683; x_wconf 76' lang='lat' dir='ltr'><strong>Hadrian.</strong></span> <span class='ocrx_word' id='word_1_118' title='bbox 667 1615 706 1680; x_wconf 88' lang='lat' dir='ltr'><strong>dc</strong></span> <span class='ocrx_word' id='word_1_119' title='bbox 734 1614 814 1680; x_wconf 89' lang='lat' dir='ltr'><strong>locis</strong></span> <span class='ocrx_word' id='word_1_120' title='bbox 842 1619 940 1703; x_wconf 87' lang='lat' dir='ltr'><strong>atque</strong></span> <span class='ocrx_word' id='word_1_121' title='bbox 966 1614 1102 1681; x_wconf 86' lang='lat' dir='ltr'><strong>urbibus</strong></span> <span class='ocrx_word' id='word_1_122' title='bbox 1122 1631 1156 1682; x_wconf 82' lang='lat'><strong>40</strong></span> 
     </span>
     <span class='ocr_line' id='line_1_17' title="bbox 82 1703 1103 1788; baseline 0.003 -20"><span class='ocrx_word' id='word_1_123' title='bbox 82 1725 167 1788; x_wconf 87' lang='lat' dir='ltr'><strong>qnae</strong></span> <span class='ocrx_word' id='word_1_124' title='bbox 189 1725 280 1769; x_wconf 89' lang='lat' dir='ltr'><strong>mars</strong></span> <span class='ocrx_word' id='word_1_125' title='bbox 302 1726 370 1769; x_wconf 90' lang='lat' dir='ltr'><strong>non</strong></span> <span class='ocrx_word' id='word_1_126' title='bbox 393 1703 497 1771; x_wconf 86' lang='lat' dir='ltr'><strong>adluit</strong></span> <span class='ocrx_word' id='word_1_127' title='bbox 519 1705 599 1769; x_wconf 90' lang='lat' dir='ltr'><strong>haec</strong></span> <span class='ocrx_word' id='word_1_128' title='bbox 617 1705 759 1769; x_wconf 85' lang='lat' dir='ltr'><strong>maxime</strong></span> <span class='ocrx_word' id='word_1_129' title='bbox 782 1703 992 1771; x_wconf 84' lang='lat' dir='ltr'><strong>memoranda</strong></span> <span class='ocrx_word' id='word_1_130' title='bbox 1013 1707 1103 1771; x_wconf 72' lang='lat' dir='ltr'><strong>sonte</strong></span> 
     </span>
     <span class='ocr_line' id='line_1_18' title="bbox 81 1791 1103 1878; baseline 0.002 -22"><span class='ocrx_word' id='word_1_131' title='bbox 81 1792 119 1857; x_wconf 88' lang='lat' dir='ltr'><strong>in</strong></span> <span class='ocrx_word' id='word_1_132' title='bbox 141 1791 314 1859; x_wconf 80' lang='lat' dir='ltr'><strong>Thessalia</strong></span> <span class='ocrx_word' id='word_1_133' title='bbox 337 1814 424 1858; x_wconf 88' lang='lat' dir='ltr'><strong>nanc</strong></span> <span class='ocrx_word' id='word_1_134' title='bbox 445 1792 578 1859; x_wconf 85' lang='lat' dir='ltr'><strong>Larissa</strong></span> <span class='ocrx_word' id='word_1_135' title='bbox 605 1792 782 1877; x_wconf 83' lang='lat' dir='ltr'><strong>aliquando</strong></span> <span class='ocrx_word' id='word_1_136' title='bbox 808 1792 929 1877; x_wconf 84' lang='lat' dir='ltr'><strong>Iolcos,</strong></span> <span class='ocrx_word' id='word_1_137' title='bbox 956 1793 991 1858; x_wconf 91' lang='lat' dir='ltr'><strong>in</strong></span> <span class='ocrx_word' id='word_1_138' title='bbox 1012 1791 1103 1878; x_wconf 71' lang='lat' dir='ltr'><strong>Mag</strong></span> 
     </span>
     <span class='ocr_line' id='line_1_19' title="bbox 81 1879 1103 1966; baseline 0.001 -21"><span class='ocrx_word' id='word_1_139' title='bbox 81 1881 175 1946; x_wconf 88' lang='lat' dir='ltr'><strong>nesia</strong></span> <span class='ocrx_word' id='word_1_140' title='bbox 211 1881 390 1966; x_wconf 87' lang='lat' dir='ltr'><strong>Antronia,</strong></span> <span class='ocrx_word' id='word_1_141' title='bbox 426 1882 462 1947; x_wconf 92' lang='lat' dir='ltr'><strong>in</strong></span> <span class='ocrx_word' id='word_1_142' title='bbox 496 1880 690 1947; x_wconf 84' lang='lat' dir='ltr'><strong>Phthiotide</strong></span> <span class='ocrx_word' id='word_1_143' title='bbox 724 1881 862 1965; x_wconf 86' lang='lat' dir='ltr'><strong>Phthia,</strong></span> <span class='ocrx_word' id='word_1_144' title='bbox 897 1881 931 1945; x_wconf 92' lang='lat' dir='ltr'><strong>in</strong></span> <span class='ocrx_word' id='word_1_145' title='bbox 966 1879 1103 1946; x_wconf 79' lang='lat' dir='ltr'><strong>Locride</strong></span> 
     </span>
     <span class='ocr_line' id='line_1_20' title="bbox 83 1967 1104 2054; baseline -0.002 -18"><span class='ocrx_word' id='word_1_146' title='bbox 83 1967 193 2054; x_wconf 83' lang='lat' dir='ltr'><strong>Cynos</strong></span> <span class='ocrx_word' id='word_1_147' title='bbox 218 1975 251 2035; x_wconf 88' lang='lat' dir='ltr'><strong>et</strong></span> <span class='ocrx_word' id='word_1_148' title='bbox 275 1968 451 2054; x_wconf 80' lang='lat' dir='ltr'><strong>Calliaros,</strong></span> <span class='ocrx_word' id='word_1_149' title='bbox 480 1971 514 2036; x_wconf 91' lang='lat' dir='ltr'><strong>in</strong></span> <span class='ocrx_word' id='word_1_150' title='bbox 536 1969 679 2036; x_wconf 86' lang='lat' dir='ltr'><strong>Phocide</strong></span> <span class='ocrx_word' id='word_1_151' title='bbox 701 1969 822 2052; x_wconf 89' lang='lat' dir='ltr'><strong>Delphi</strong></span> <span class='ocrx_word' id='word_1_152' title='bbox 851 1973 883 2034; x_wconf 84' lang='lat' dir='ltr'><strong>et</strong></span> <span class='ocrx_word' id='word_1_153' title='bbox 910 1990 1004 2035; x_wconf 83' lang='lat' dir='ltr'><strong>mons</strong></span> <span class='ocrx_word' id='word_1_154' title='bbox 1027 1968 1104 2034; x_wconf 87' lang='lat' dir='ltr'><strong>Par·</strong></span> 
     </span>
     <span class='ocr_line' id='line_1_21' title="bbox 45 2055 1105 2142; baseline 0.002 -23"><span class='ocrx_word' id='word_1_155' title='bbox 45 2077 198 2124; x_wconf 80' lang='lat' dir='ltr'><strong>sonassos</strong></span> <span class='ocrx_word' id='word_1_156' title='bbox 222 2061 255 2124; x_wconf 89' lang='lat' dir='ltr'><strong>et</strong></span> <span class='ocrx_word' id='word_1_157' title='bbox 273 2058 438 2142; x_wconf 86' lang='lat' dir='ltr'><strong>Apollinis</strong></span> <span class='ocrx_word' id='word_1_158' title='bbox 456 2058 570 2124; x_wconf 86' lang='lat' dir='ltr'><strong>fanum</strong></span> <span class='ocrx_word' id='word_1_159' title='bbox 593 2062 693 2142; x_wconf 85' lang='lat' dir='ltr'><strong>atque</strong></span> <span class='ocrx_word' id='word_1_160' title='bbox 715 2057 891 2140; x_wconf 83' lang='lat' dir='ltr'><strong>oraculum,</strong></span> <span class='ocrx_word' id='word_1_161' title='bbox 913 2057 948 2123; x_wconf 93' lang='lat' dir='ltr'><strong>in</strong></span> <span class='ocrx_word' id='word_1_162' title='bbox 965 2055 1105 2123; x_wconf 89' lang='lat' dir='ltr'><strong>Boeotia</strong></span> 
     </span>
     <span class='ocr_line' id='line_1_22' title="bbox 81 2144 1103 2237; baseline 0.001 -27"><span class='ocrx_word' id='word_1_163' title='bbox 81 2144 216 2212; x_wconf 81' lang='lat' dir='ltr'><strong>Thebae</strong></span> <span class='ocrx_word' id='word_1_164' title='bbox 235 2150 268 2211; x_wconf 91' lang='lat' dir='ltr'><strong>et</strong></span> <span class='ocrx_word' id='word_1_165' title='bbox 287 2144 465 2213; x_wconf 80' lang='lat' dir='ltr'><strong>Cithaeron</strong></span> <span class='ocrx_word' id='word_1_166' title='bbox 481 2146 604 2213; x_wconf 86' lang='lat' dir='ltr'><strong>fabulis</strong></span> <span class='ocrx_word' id='word_1_167' title='bbox 624 2145 889 2231; x_wconf 82' lang='lat' dir='ltr'><strong>carminibusque</strong></span> <span class='ocrx_word' id='word_1_168' title='bbox 908 2144 1103 2237; x_wconf 82' lang='lat' dir='ltr'><strong>celebratus3</strong></span> 
     </span>
     <span class='ocr_line' id='line_1_23' title="bbox 80 2233 1155 2318; baseline 0 -19"><span class='ocrx_word' id='word_1_169' title='bbox 80 2235 117 2299; x_wconf 92' lang='lat' dir='ltr'><strong>in</strong></span> <span class='ocrx_word' id='word_1_170' title='bbox 152 2233 293 2302; x_wconf 87' lang='lat' dir='ltr'><strong>Atthide</strong></span> <span class='ocrx_word' id='word_1_171' title='bbox 327 2235 465 2302; x_wconf 79' lang='lat' dir='ltr'><strong>Eleusin</strong></span> <span class='ocrx_word' id='word_1_172' title='bbox 502 2233 610 2301; x_wconf 88' lang='lat' dir='ltr'><strong>Cereri</strong></span> <span class='ocrx_word' id='word_1_173' title='bbox 642 2238 846 2318; x_wconf 73' lang='lat' dir='ltr'><strong>consecrata,</strong></span> <span class='ocrx_word' id='word_1_174' title='bbox 883 2238 916 2300; x_wconf 93' lang='lat' dir='ltr'><strong>et</strong></span> <span class='ocrx_word' id='word_1_175' title='bbox 949 2234 1102 2309; x_wconf 87' lang='lat' dir='ltr'><strong>clariores</strong></span> <span class='ocrx_word' id='word_1_176' title='bbox 1122 2251 1155 2300; x_wconf 81' lang='lat'><strong>41</strong></span> 
     </span>
     <span class='ocr_line' id='line_1_24' title="bbox 82 2322 1147 2410; baseline 0.002 -23"><span class='ocrx_word' id='word_1_177' title='bbox 82 2344 182 2407; x_wconf 89' lang='lat' dir='ltr'><strong>quam</strong></span> <span class='ocrx_word' id='word_1_178' title='bbox 209 2327 248 2391; x_wconf 89' lang='lat' dir='ltr'><strong>ut</strong></span> <span class='ocrx_word' id='word_1_179' title='bbox 274 2323 412 2391; x_wconf 87' lang='lat' dir='ltr'><strong>indicari</strong></span> <span class='ocrx_word' id='word_1_180' title='bbox 440 2328 559 2410; x_wconf 84' lang='lat' dir='ltr'><strong>egeant</strong></span> <span class='ocrx_word' id='word_1_181' title='bbox 580 2324 744 2408; x_wconf 87' lang='lat' dir='ltr'><strong>Athenae,</strong></span> <span class='ocrx_word' id='word_1_182' title='bbox 771 2323 808 2389; x_wconf 90' lang='lat' dir='ltr'><strong>in</strong></span> <span class='ocrx_word' id='word_1_183' title='bbox 828 2322 995 2410; x_wconf 82' lang='lat' dir='ltr'><strong>Megaride</strong></span> <span class='ocrx_word' id='word_1_184' title='bbox 1018 2324 1103 2389; x_wconf 89' lang='lat' dir='ltr'><strong>unde</strong></span> <span class='ocrx_word' id='word_1_185' title='bbox 1145 2351 1147 2355; x_wconf 94' lang='lat'>·</span> 
     </span>
     <span class='ocr_line' id='line_1_25' title="bbox 81 2410 1104 2498; baseline 0.002 -23"><span class='ocrx_word' id='word_1_186' title='bbox 81 2412 211 2496; x_wconf 84' lang='lat' dir='ltr'><strong>regioni</strong></span> <span class='ocrx_word' id='word_1_187' title='bbox 232 2433 352 2480; x_wconf 89' lang='lat' dir='ltr'><strong>nomen</strong></span> <span class='ocrx_word' id='word_1_188' title='bbox 381 2417 431 2479; x_wconf 89' lang='lat' dir='ltr'><strong>est</strong></span> <span class='ocrx_word' id='word_1_189' title='bbox 453 2412 601 2498; x_wconf 83' lang='lat' dir='ltr'><strong>Megara,</strong></span> <span class='ocrx_word' id='word_1_190' title='bbox 628 2417 666 2479; x_wconf 91' lang='lat' dir='ltr'><strong>ut</strong></span> <span class='ocrx_word' id='word_1_191' title='bbox 692 2413 728 2479; x_wconf 89' lang='lat' dir='ltr'><strong>in</strong></span> <span class='ocrx_word' id='word_1_192' title='bbox 750 2412 909 2497; x_wconf 82' lang='lat' dir='ltr'><strong>Argolide</strong></span> <span class='ocrx_word' id='word_1_193' title='bbox 932 2410 1041 2498; x_wconf 85' lang='lat' dir='ltr'><strong>Argos</strong></span> <span class='ocrx_word' id='word_1_194' title='bbox 1070 2417 1104 2478; x_wconf 87' lang='lat' dir='ltr'><strong>et</strong></span> 
     </span>
     <span class='ocr_line' id='line_1_26' title="bbox 46 2499 1104 2587; baseline 0.004 -25"><span class='ocrx_word' id='word_1_195' title='bbox 46 2499 239 2585; x_wconf 82' lang='lat' dir='ltr'><strong>aMycenae</strong></span> <span class='ocrx_word' id='word_1_196' title='bbox 268 2505 302 2567; x_wconf 92' lang='lat' dir='ltr'><strong>et</strong></span> <span class='ocrx_word' id='word_1_197' title='bbox 333 2503 493 2587; x_wconf 89' lang='lat' dir='ltr'><strong>templum</strong></span> <span class='ocrx_word' id='word_1_198' title='bbox 520 2500 655 2568; x_wconf 86' lang='lat' dir='ltr'><strong>Iunonis</strong></span> <span class='ocrx_word' id='word_1_199' title='bbox 687 2505 851 2568; x_wconf 85' lang='lat' dir='ltr'><strong>vetustate</strong></span> <span class='ocrx_word' id='word_1_200' title='bbox 882 2505 916 2566; x_wconf 89' lang='lat' dir='ltr'><strong>et</strong></span> <span class='ocrx_word' id='word_1_201' title='bbox 943 2500 1104 2585; x_wconf 86' lang='lat' dir='ltr'><strong>religione</strong></span> 
     </span>
     <span class='ocr_line' id='line_1_27' title="bbox 81 2588 1101 2675; baseline -0.001 -20"><span class='ocrx_word' id='word_1_202' title='bbox 81 2590 278 2675; x_wconf 86' lang='lat' dir='ltr'><strong>percelebre,</strong></span> <span class='ocrx_word' id='word_1_203' title='bbox 300 2591 335 2656; x_wconf 90' lang='lat' dir='ltr'><strong>in</strong></span> <span class='ocrx_word' id='word_1_204' title='bbox 352 2590 516 2657; x_wconf 88' lang='lat' dir='ltr'><strong>Laconide</strong></span> <span class='ocrx_word' id='word_1_205' title='bbox 533 2588 734 2674; x_wconf 77' lang='lat' dir='ltr'><strong>Therapnae,</strong></span> <span class='ocrx_word' id='word_1_206' title='bbox 751 2589 986 2674; x_wconf 86' lang='lat' dir='ltr'><strong>Lacedaemon,</strong></span> <span class='ocrx_word' id='word_1_207' title='bbox 1003 2589 1101 2673; x_wconf 84' lang='lat' dir='ltr'><strong>Amy-</strong></span> 
     </span>
     <span class='ocr_line' id='line_1_28' title="bbox 83 2677 1102 2765; baseline 0.002 -23"><span class='ocrx_word' id='word_1_208' title='bbox 83 2678 163 2762; x_wconf 90' lang='lat' dir='ltr'><strong>clae,</strong></span> <span class='ocrx_word' id='word_1_209' title='bbox 180 2700 276 2745; x_wconf 87' lang='lat' dir='ltr'><strong>mons</strong></span> <span class='ocrx_word' id='word_1_210' title='bbox 294 2679 470 2765; x_wconf 83' lang='lat' dir='ltr'><strong>Taygetus,</strong></span> <span class='ocrx_word' id='word_1_211' title='bbox 488 2678 523 2744; x_wconf 92' lang='lat' dir='ltr'><strong>in</strong></span> <span class='ocrx_word' id='word_1_212' title='bbox 536 2678 697 2745; x_wconf 87' lang='lat' dir='ltr'><strong>Messenia</strong></span> <span class='ocrx_word' id='word_1_213' title='bbox 715 2677 863 2744; x_wconf 89' lang='lat' dir='ltr'><strong>Messene</strong></span> <span class='ocrx_word' id='word_1_214' title='bbox 882 2682 917 2745; x_wconf 89' lang='lat' dir='ltr'><strong>et</strong></span> <span class='ocrx_word' id='word_1_215' title='bbox 933 2677 1102 2761; x_wconf 84' lang='lat' dir='ltr'><strong>Methone3</strong></span> 
     </span>
     <span class='ocr_line' id='line_1_29' title="bbox 83 2765 1157 2853; baseline 0.002 -23"><span class='ocrx_word' id='word_1_216' title='bbox 83 2765 119 2830; x_wconf 90' lang='lat' dir='ltr'><strong>in</strong></span> <span class='ocrx_word' id='word_1_217' title='bbox 143 2765 270 2832; x_wconf 88' lang='lat' dir='ltr'><strong>Achaia</strong></span> <span class='ocrx_word' id='word_1_218' title='bbox 294 2770 393 2853; x_wconf 90' lang='lat' dir='ltr'><strong>atque</strong></span> <span class='ocrx_word' id='word_1_219' title='bbox 414 2767 510 2832; x_wconf 83' lang='lat' dir='ltr'><strong>Elide</strong></span> <span class='ocrx_word' id='word_1_220' title='bbox 533 2767 697 2852; x_wconf 90' lang='lat' dir='ltr'><strong>quondam</strong></span> <span class='ocrx_word' id='word_1_221' title='bbox 719 2765 817 2833; x_wconf 87' lang='lat' dir='ltr'><strong>Pisae</strong></span> <span class='ocrx_word' id='word_1_222' title='bbox 840 2765 1011 2852; x_wconf 88' lang='lat' dir='ltr'><strong>Oenomai,</strong></span> <span class='ocrx_word' id='word_1_223' title='bbox 1032 2766 1104 2835; x_wconf 78' lang='lat' dir='ltr'><strong>Elis</strong></span> <span class='ocrx_word' id='word_1_224' title='bbox 1122 2782 1157 2832; x_wconf 79' lang='lat'><strong>42</strong></span> 
     </span>
    </p>
   </div>
   <div class='ocr_carea' id='block_1_3' title="bbox 82 2993 1104 3548">
    <p class='ocr_par' dir='ltr' id='par_1_3' title="bbox 82 2993 1104 3205">
     <span class='ocr_line' id='line_1_30' title="bbox 157 2993 1104 3066; baseline 0.001 -18"><span class='ocrx_word' id='word_1_225' title='bbox 157 2999 182 3048; x_wconf 80' lang='lat'><strong>4.</strong></span> <span class='ocrx_word' id='word_1_226' title='bbox 202 3009 270 3050; x_wconf 89' lang='lat' dir='ltr'><strong>vero</strong></span> <span class='ocrx_word' id='word_1_227' title='bbox 289 2994 317 3049; x_wconf 89' lang='lat' dir='ltr'><strong>A</strong></span> <span class='ocrx_word' id='word_1_228' title='bbox 335 3009 466 3053; x_wconf 85' lang='lat' dir='ltr'><strong>verume</strong></span> <span class='ocrx_word' id='word_1_229' title='bbox 539 3003 563 3052; x_wconf 79' lang='grc'><strong>7.</strong></span> <span class='ocrx_word' id='word_1_230' title='bbox 582 2997 790 3066; x_wconf 87' lang='lat' dir='ltr'><strong>peloponnesos</strong></span> <span class='ocrx_word' id='word_1_231' title='bbox 808 2994 850 3049; x_wconf 83' lang='lat' dir='ltr'><strong>A¹</strong></span> <span class='ocrx_word' id='word_1_232' title='bbox 869 3010 939 3050; x_wconf 74' lang='lat' dir='ltr'><strong>coer.</strong></span> <span class='ocrx_word' id='word_1_233' title='bbox 963 3036 966 3040; x_wconf 85' lang='lat'><em>-</em></span> <span class='ocrx_word' id='word_1_234' title='bbox 1012 3000 1053 3051; x_wconf 87' lang='lat'><strong>10.</strong></span> <span class='ocrx_word' id='word_1_235' title='bbox 1073 2993 1104 3049; x_wconf 87' lang='lat' dir='ltr'><strong>in</strong></span> 
     </span>
     <span class='ocr_line' id='line_1_31' title="bbox 83 3063 1104 3135; baseline 0.002 -16"><span class='ocrx_word' id='word_1_236' title='bbox 83 3063 252 3119; x_wconf 89' lang='lat' dir='ltr'><strong>macedonia</strong></span> <span class='ocrx_word' id='word_1_237' title='bbox 277 3065 306 3119; x_wconf 91' lang='lat' dir='ltr'><strong>A</strong></span> <span class='ocrx_word' id='word_1_238' title='bbox 332 3079 351 3118; x_wconf 92' lang='lat' dir='ltr'><strong>a</strong></span> <span class='ocrx_word' id='word_1_239' title='bbox 376 3064 544 3122; x_wconf 83' lang='lat' dir='ltr'><strong>Macedonia</strong></span> <span class='ocrx_word' id='word_1_240' title='bbox 571 3067 726 3124; x_wconf 66' lang='lat' dir='ltr'><strong>Platamos</strong></span> <span class='ocrx_word' id='word_1_241' title='bbox 807 3071 849 3120; x_wconf 92' lang='lat'><strong>11.</strong></span> <span class='ocrx_word' id='word_1_242' title='bbox 878 3063 1036 3135; x_wconf 87' lang='lat' dir='ltr'><strong>aphthiotis</strong></span> <span class='ocrx_word' id='word_1_243' title='bbox 1062 3064 1104 3121; x_wconf 79' lang='lat' dir='ltr'><strong>A¹</strong></span> 
     </span>
     <span class='ocr_line' id='line_1_32' title="bbox 82 3133 1103 3205; baseline 0.001 -17"><span class='ocrx_word' id='word_1_244' title='bbox 82 3133 224 3205; x_wconf 86' lang='lat' dir='ltr'><strong>phthiotis</strong></span> <span class='ocrx_word' id='word_1_245' title='bbox 239 3135 282 3190; x_wconf 80' lang='lat' dir='ltr'><strong>A¹</strong></span> <span class='ocrx_word' id='word_1_246' title='bbox 319 3136 377 3191; x_wconf 79' lang='grc'><strong>14.</strong></span> <span class='ocrx_word' id='word_1_247' title='bbox 396 3137 543 3193; x_wconf 88' lang='lat' dir='ltr'><strong>achaeaA</strong></span> <span class='ocrx_word' id='word_1_248' title='bbox 556 3137 664 3193; x_wconf 88' lang='lat' dir='ltr'><strong>Achaia</strong></span> <span class='ocrx_word' id='word_1_249' title='bbox 680 3154 699 3193; x_wconf 82' lang='lat' dir='ltr'><strong>o</strong></span> <span class='ocrx_word' id='word_1_250' title='bbox 752 3134 876 3191; x_wconf 87' lang='lat' dir='ltr'><strong>aeotolia</strong></span> <span class='ocrx_word' id='word_1_251' title='bbox 889 3134 930 3189; x_wconf 90' lang='lat' dir='ltr'><strong>A¹</strong></span> <span class='ocrx_word' id='word_1_252' title='bbox 944 3135 1103 3192; x_wconf 77' lang='lat' dir='ltr'><strong>aetolisA²</strong></span> 
     </span>
    </p>

    <p class='ocr_par' dir='ltr' id='par_1_4' title="bbox 157 3205 1103 3280">
     <span class='ocr_line' id='line_1_33' title="bbox 157 3205 1103 3280; baseline -0.001 -19"><span class='ocrx_word' id='word_1_253' title='bbox 157 3212 199 3263; x_wconf 81' lang='grc'><strong>111.</strong></span> <span class='ocrx_word' id='word_1_254' title='bbox 214 3206 314 3261; x_wconf 87' lang='lat' dir='ltr'><strong>adrian</strong></span> <span class='ocrx_word' id='word_1_255' title='bbox 331 3207 359 3261; x_wconf 89' lang='lat' dir='ltr'><strong>A</strong></span> <span class='ocrx_word' id='word_1_256' title='bbox 376 3205 502 3263; x_wconf 80' lang='lat' dir='ltr'><strong>Hadrian</strong></span> <span class='ocrx_word' id='word_1_257' title='bbox 520 3212 620 3280; x_wconf 78' lang='lat' dir='ltr'><strong>scripsi</strong></span> <span class='ocrx_word' id='word_1_258' title='bbox 689 3214 730 3262; x_wconf 75' lang='lat'><strong>1⁷.</strong></span> <span class='ocrx_word' id='word_1_259' title='bbox 752 3206 868 3261; x_wconf 87' lang='lat' dir='ltr'><strong>clarissa</strong></span> <span class='ocrx_word' id='word_1_260' title='bbox 885 3206 926 3265; x_wconf 87' lang='lat' dir='ltr'><strong>A¹</strong></span> <span class='ocrx_word' id='word_1_261' title='bbox 945 3206 1045 3265; x_wconf 84' lang='lat' dir='ltr'><strong>larissa</strong></span> <span class='ocrx_word' id='word_1_262' title='bbox 1062 3205 1103 3260; x_wconf 81' lang='lat' dir='ltr'><strong>A²</strong></span> 
     </span>
    </p>

    <p class='ocr_par' dir='ltr' id='par_1_5' title="bbox 83 3276 1104 3548">
     <span class='ocr_line' id='line_1_34' title="bbox 138 3276 1104 3349; baseline -0.001 -17"><span class='ocrx_word' id='word_1_263' title='bbox 138 3282 181 3335; x_wconf 83' lang='grc'><strong>18.</strong></span> <span class='ocrx_word' id='word_1_264' title='bbox 195 3276 340 3349; x_wconf 88' lang='lat' dir='ltr'><strong>pthiotide</strong></span> <span class='ocrx_word' id='word_1_265' title='bbox 353 3277 436 3348; x_wconf 88' lang='lat' dir='ltr'><strong>pthia</strong></span> <span class='ocrx_word' id='word_1_266' title='bbox 449 3280 477 3333; x_wconf 96' lang='lat' dir='ltr'><strong>A</strong></span> <span class='ocrx_word' id='word_1_267' title='bbox 544 3286 588 3338; x_wconf 75' lang='lat'><strong>20.</strong></span> <span class='ocrx_word' id='word_1_268' title='bbox 603 3282 687 3349; x_wconf 84' lang='lat' dir='ltr'><strong>atquc</strong></span> <span class='ocrx_word' id='word_1_269' title='bbox 701 3278 743 3333; x_wconf 91' lang='lat' dir='ltr'><strong>A¹</strong></span> <span class='ocrx_word' id='word_1_270' title='bbox 757 3295 826 3334; x_wconf 82' lang='lat' dir='ltr'><strong>corr.</strong></span> <span class='ocrx_word' id='word_1_271' title='bbox 900 3284 942 3336; x_wconf 76' lang='lat'><strong>21.</strong></span> <span class='ocrx_word' id='word_1_272' title='bbox 959 3278 1104 3334; x_wconf 84' lang='lat' dir='ltr'><strong>cithaeron</strong></span> 
     </span>
     <span class='ocr_line' id='line_1_35' title="bbox 83 3347 1103 3420; baseline -0.002 -18"><span class='ocrx_word' id='word_1_273' title='bbox 83 3347 125 3402; x_wconf 87' lang='lat' dir='ltr'><strong>A¹</strong></span> <span class='ocrx_word' id='word_1_274' title='bbox 139 3365 208 3406; x_wconf 85' lang='lat' dir='ltr'><strong>corr.</strong></span> <span class='ocrx_word' id='word_1_275' title='bbox 263 3354 306 3404; x_wconf 79' lang='lat'><strong>22.</strong></span> <span class='ocrx_word' id='word_1_276' title='bbox 326 3348 416 3403; x_wconf 87' lang='lat' dir='ltr'><strong>attide</strong></span> <span class='ocrx_word' id='word_1_277' title='bbox 430 3351 458 3404; x_wconf 93' lang='lat' dir='ltr'><strong>A</strong></span> <span class='ocrx_word' id='word_1_278' title='bbox 472 3349 591 3407; x_wconf 85' lang='lat' dir='ltr'><strong>Atthide</strong></span> <span class='ocrx_word' id='word_1_279' title='bbox 605 3369 626 3408; x_wconf 80' lang='lat' dir='ltr'><strong>a</strong></span> <span class='ocrx_word' id='word_1_280' title='bbox 696 3357 739 3407; x_wconf 79' lang='lat'><strong>23.</strong></span> <span class='ocrx_word' id='word_1_281' title='bbox 758 3348 903 3420; x_wconf 83' lang='lat' dir='ltr'><strong>megarida</strong></span> <span class='ocrx_word' id='word_1_282' title='bbox 916 3349 944 3402; x_wconf 92' lang='lat' dir='ltr'><strong>A</strong></span> <span class='ocrx_word' id='word_1_283' title='bbox 957 3347 1103 3419; x_wconf 69' lang='lat' dir='ltr'><strong>Megaride</strong></span> 
     </span>
     <span class='ocr_line' id='line_1_36' title="bbox 84 3417 1102 3502; baseline -0.002 -27"><span class='ocrx_word' id='word_1_284' title='bbox 84 3435 104 3475; x_wconf 79' lang='lat' dir='ltr'><strong>a</strong></span> <span class='ocrx_word' id='word_1_285' title='bbox 136 3490 142 3502; x_wconf 34' lang='grc' dir='ltr'>ι</span> <span class='ocrx_word' id='word_1_286' title='bbox 176 3425 219 3475; x_wconf 78' lang='grc'><strong>14.</strong></span> <span class='ocrx_word' id='word_1_287' title='bbox 237 3419 368 3490; x_wconf 83' lang='lat' dir='ltr'><strong>argolida</strong></span> <span class='ocrx_word' id='word_1_288' title='bbox 385 3420 427 3474; x_wconf 69' lang='lat' dir='ltr'><strong>A1</strong></span> <span class='ocrx_word' id='word_1_289' title='bbox 444 3437 513 3478; x_wconf 77' lang='lat' dir='ltr'><strong>corr.</strong></span> <span class='ocrx_word' id='word_1_290' title='bbox 528 3421 698 3492; x_wconf 77' lang='lat' dir='ltr'><strong>Argolides</strong></span> <span class='ocrx_word' id='word_1_291' title='bbox 770 3427 813 3477; x_wconf 75' lang='grc'><strong>17.</strong></span> <span class='ocrx_word' id='word_1_292' title='bbox 832 3420 974 3476; x_wconf 82' lang='lat' dir='ltr'><strong>messanis</strong></span> <span class='ocrx_word' id='word_1_293' title='bbox 987 3421 1016 3474; x_wconf 89' lang='lat' dir='ltr'><strong>A</strong></span> <span class='ocrx_word' id='word_1_294' title='bbox 1029 3417 1102 3473; x_wconf 80' lang='lat' dir='ltr'><strong>Mec-</strong></span> 
     </span>
     <span class='ocr_line' id='line_1_37' title="bbox 84 3505 196 3548; baseline 0.036 -4"><span class='ocrx_word' id='word_1_295' title='bbox 84 3505 196 3548; x_wconf 83' lang='lat' dir='ltr'><strong>remae</strong></span> 
     </span>
    </p>
   </div>
   <div class='ocr_carea' id='block_1_4' title="bbox 0 0 1199 3930">
    <p class='ocr_par' dir='ltr' id='par_1_6' title="bbox 0 0 1199 3930">
     <span class='ocr_line' id='line_1_38' title="bbox 0 0 1199 3930; baseline 0 0"><span class='ocrx_word' id='word_1_296' title='bbox 0 0 1199 3930; x_wconf 95' lang='lat' dir='ltr'><strong> </strong></span> 
     </span>
    </p>
   </div>
  </div>
 </body>
</html>
