2378 3930
316 174 515 219 aearrronrs
536 176 697 221 noueuos.
813 206 820 213 .
920 156 965 223 35

111 311 151 369 lll.
178 312 295 369 Adiunxi
319 312 415 369 deinde
440 313 560 387 quinque
581 312 687 370 tabulas
713 313 813 389 quibus
836 323 884 371 aut
903 315 962 372 sola

46 398 170 472 pondera
192 404 240 454 aut
264 397 386 472 pondera
411 407 440 454 et
464 413 608 455 mensurae
633 398 819 472 explicantur,
844 402 962 473 primum

47 481 121 539 illam
137 482 296 539 bobiensem
312 481 356 555 (ir.
374 482 462 555 132),
483 482 516 539 de
536 499 590 556 qua
610 482 680 539 inira
696 483 855 555 singillatim
869 484 962 558 dispu-

48 576 135 624 tatum
155 575 198 623 est
213 562 243 641 (S
261 565 349 638 122),
371 575 428 623 tum
449 567 516 624 duas
536 583 552 623 e
567 567 705 625 codicibus
720 568 753 623 Ill
768 567 811 624 vel
825 567 848 623 ll
862 568 963 625 saeculi

45 654 195 727 repetitas,
215 652 327 708 alteram
343 653 498 708 ebernensi
514 651 556 724 (ir.
574 651 662 723 133),
680 670 696 708 e
711 652 837 710 Gudiauo
851 651 963 709 alteram

47 736 91 807 (lr.
110 735 197 809 134),
220 737 338 809 denique
358 737 424 793 duas
448 736 677 794 ellutiueusibus
697 737 775 794 libris
792 737 894 794 saeculi
908 736 964 792 lllll

47 827 76 877 et
91 820 134 877 XV
149 821 300 895 descriptas
316 820 359 892 (lr.
375 821 443 880 135.
464 820 546 895 136),
561 821 594 877 de
610 820 709 896 quibus
725 839 795 897 quae
811 821 964 878 adnotanda

47 914 141 963 essent
159 907 249 963 orrruia
264 908 379 979 exposui
395 909 423 962 iu
437 905 615 981 praefatione.

110 990 150 1047 lv.
175 992 242 1047 Tum
262 993 372 1065 perveni
395 991 428 1047 ad
449 991 502 1048 alia
525 1007 594 1064 quae
615 999 734 1048 extrema
752 998 816 1048 sunt
832 999 860 1047 et
875 998 964 1047 aetate

47 1084 76 1133 et
95 1078 267 1132 auctoritato.
304 1074 372 1131 Sunt
393 1086 519 1151 excerpta
535 1092 567 1132 eu
583 1075 686 1132 lsidoro
702 1092 717 1132 e
732 1075 854 1132 Gudiauo
869 1075 964 1133 codice

48 1162 247 1217 abachmanno
269 1160 358 1230 edita,
383 1178 452 1235 quac
473 1178 535 1217 cum
555 1161 655 1236 partim
676 1177 691 1216 a
713 1160 791 1217 nobis
814 1159 962 1217 secundnm

49 1244 206 1302 Vaticanum
221 1245 320 1301 librum
336 1247 600 1319 praestantissimum
614 1248 750 1303 recenseri
766 1254 892 1320 possent,
907 1260 963 1301 nou

48 1331 228 1387 dubitavimus
249 1347 279 1386 ca
300 1331 328 1387 iu
351 1331 418 1387 hanc
438 1331 629 1388 collectionem
649 1332 771 1405 recipere
792 1329 835 1401 (ir.
859 1330 960 1387 137-

50 1414 131 1486 139).
170 1413 222 1471 Sed
241 1415 359 1471 alienum
373 1432 388 1470 a
402 1418 547 1491 proposito
562 1415 686 1472 daaximus
700 1415 747 1471 illa
763 1415 861 1471 Isidori
875 1416 962 1487 capita

48 1508 173 1574 repetere
190 1517 258 1575 quac
274 1499 349 1556 nulla
366 1499 424 1556 lere
438 1516 468 1555 rc
485 1502 624 1556 immutata
643 1515 674 1554 ex
689 1500 793 1556 lsidoro
812 1498 964 1574 descripse-

47 1593 112 1641 runt
132 1593 237 1641 veteres
257 1585 424 1658 gromaticae
445 1585 615 1641 collectionis
631 1592 773 1654 auctores,
795 1584 963 1658 ediditquee

49 1670 143 1726 codice
159 1670 280 1727 Gudiano
296 1669 437 1743 alteroque
447 1670 639 1726 Rostoclriensi
650 1668 837 1726 lachmauuus
852 1667 888 1742 (p.
900 1667 962 1725 366

48 1754 151 1825 -70).
183 1753 256 1810 Haec
271 1771 332 1810 cum
348 1755 531 1811 vetustissima
546 1754 641 1810 lsidori
658 1753 778 1810 editione
794 1769 881 1827 unper
897 1769 963 1809 con-

49 1839 111 1894 tulit
134 1839 163 1894 G.
183 1835 407 1910 Fricdleiuius²),
430 1839 575 1912 eademque
600 1855 673 1894 nuuc
693 1840 834 1894 maximam
858 1846 963 1910 partem

48 1940 206 1997 comparare
228 1923 292 1980 licet
309 1940 370 1978 cum
387 1923 481 1979 lsidori
500 1930 629 1979 contextu
648 1939 662 1977 e
681 1923 871 1978 vetustissimis
886 1920 964 1976 libris

48 2028 62 2065 a
84 2009 165 2064 nobis
182 2008 273 2075 edito,
297 2007 367 2063 unde
384 2006 524 2080 apparebit
542 2022 556 2061 e
572 2005 709 2062 codicibus
726 2007 771 2078 qui
790 2005 891 2061 similes
906 2004 965 2059 lue·

47 2102 113 2149 runt
124 2094 325 2148 llonaccusium
340 2091 455 2147 duorum
464 2085 484 2162 ³)
499 2090 704 2164 compilatorem
717 2090 767 2146 lms
779 2088 875 2145 lsidori
886 2089 963 2146 locos

47 2178 219 2249 repetivisse.
265 2176 334 2232 Sunt
354 2184 495 2249 praetcrea
515 2174 569 2232 loci
594 2175 701 2249 quidam
724 2175 758 2230 de
781 2174 915 2230 mensuris
935 2175 962 2229 in

48 2309 252 2318 .-..--—-.-.-.

49 2398 92 2443 est-
111 2390 199 2454 (nulla
218 2393 290 2441 enim
309 2395 351 2441 est
369 2389 484 2456 simplex
502 2390 582 2441 radix
601 2392 659 2457 eius
678 2390 784 2440 numeri
808 2388 964 2455 quadrata),

49 2460 132 2510 initio
151 2462 291 2525 quadratus
309 2460 416 2510 correxi
434 2460 462 2507 in
475 2461 623 2524 quadratos.
658 2460 743 2509 Porro
762 2459 900 2522 antiquior
918 2458 965 2523 qui

51 2528 117 2577 dam
142 2532 238 2577 auctor
261 2528 412 2592 scripserat
435 2528 560 2591 iugerum
584 2528 617 2576 in
642 2527 794 2577 circuitu
817 2526 904 2585 (coni.
928 2525 963 2575 fr.

53 2598 111 2660 128,
131 2594 157 2656 6)
188 2595 291 2645 habero
320 2595 442 2659 perticas
466 2597 498 2645 72
521 2596 594 2656 (nam
617 2595 703 2644 habet
725 2594 792 2643 bina
813 2593 904 2642 latera
921 2595 966 2654 24,

49 2662 117 2712 bina
131 2665 161 2712 12
180 2664 359 2728 perticarnm3
378 2663 450 2711 unde
468 2663 514 2712 hic
533 2664 650 2727 scriptor
663 2661 780 2711 absurde
799 2660 893 2710 effecit
909 2662 964 2710 sin-

48 2731 115 2795 gula
134 2731 225 2780 latera
245 2746 305 2781 esse
325 2733 356 2781 18
374 2730 542 2794 perticarum
566 2728 702 2791 (nimirum
719 2744 774 2777 non
792 2728 862 2778 vidit
879 2728 963 2778 talem

48 2799 211 2863 quadratam
235 2798 351 2863 figuram
372 2797 475 2847 habere
498 2799 621 2862 perticas
640 2799 703 2859 324,
722 2811 777 2845 non
794 2794 864 2859 288).
900 2796 962 2845 Hoc

49 2867 134 2930 igitur
152 2867 185 2915 de
205 2866 341 2930 quadrata
358 2865 449 2930 iugeri
468 2863 556 2928 ligura
574 2865 677 2914 erravit
699 2863 829 2928 scriptor:
857 2864 963 2928 reliqua

50 2939 143 2984 antem
162 2949 231 2998 quac
251 2933 337 2982 tradit
354 2933 465 2981 minime
478 2933 666 2998 neglegenda:
685 2931 802 2995 primum
815 2946 875 2980 esse
887 2947 961 2981 men-

50 3016 142 3052 suram
161 3001 298 3066 quandam
315 2999 482 3063 tabulam,
502 3004 628 3064 quartam
646 3000 735 3063 iugeri
752 3003 872 3063 partem,
891 3014 962 3063 quae

51 3070 154 3119 habeat
172 3069 295 3134 perticas
314 3068 464 3132 quadratas
483 3070 528 3127 723
559 3073 616 3116 tum
639 3068 763 3131 iugerum
788 3082 888 3130 capere
908 3083 964 3115 ca-

48 3142 204 3187 strenses
222 3136 351 3186 modios
369 3138 399 3186 3:
430 3150 482 3198 quo
508 3151 542 3184 cx
564 3135 626 3185 loco
650 3133 771 3185 eflicitur
794 3139 963 3184 castrensem

48 3204 167 3254 modium
187 3205 291 3255 duobus
308 3202 470 3267 vulgaribus
489 3202 587 3253 modiis
606 3202 752 3266 aequalem
771 3201 858 3251 fuisse
877 3201 961 3265 (cont.

47 3272 133 3322 voll
173 3274 230 3323 .4o
249 3271 291 3334 a).

118 3289 196 3401 2lpV.
216 3339 397 3389 Fleckeiseni
415 3338 531 3388 annales
550 3340 616 3388 1863
634 3354 659 3402 p.
679 3339 727 3387 661
739 3353 760 3389 s.

116 3406 142 3471 3)
163 3406 241 3457 Ocni.
261 3406 346 3457 verba
365 3407 437 3471 apud
454 3407 661 3456 Lachmannum
680 3421 705 3470 p.
725 3407 789 3467 367,
810 3407 842 3453 14
861 3420 882 3456 s.
903 3420 962 3454 cum

47 3480 143 3524 nostra
166 3476 228 3524 adn,
249 3477 308 3525 crit.
328 3475 363 3525 od
382 3476 415 3525 fr.
436 3476 499 3540 123,
520 3478 548 3537 1,
570 3480 630 3526 tum
656 3473 734 3542 apud
749 3472 982 3531 buccunianum.

38 3543 97 3600 368,
119 3544 151 3588 11
171 3556 207 3590 ss.
228 3558 290 3592 cnm
310 3544 405 3599 adnot.
425 3546 463 3597 ad
480 3546 518 3602 fr.
538 3548 674 3614 123,14.

828 3623 879 3686 ⁹3³⁵
