2378 3930
94 212 157 277 134
389 230 485 275 vsam
506 232 708 275 rasennam.
929 208 1005 299 [136]

156 364 185 428 9.
210 366 236 429 Η
259 367 373 429 Graeca
393 364 490 426 littera
513 364 656 443 significat
678 362 809 426 ’clitaeras
824 372 900 437 octo,
915 365 946 427 id
965 374 1011 428 est

92 470 269 529 tremissem.

157 567 208 631 10.
232 568 256 631 Ν
280 568 416 629 Latinum
439 569 583 647 significat
598 568 726 629 immissa
742 569 902 641 Graecum,
919 568 1011 633 idest

93 670 231 733 solidum.

58 772 75 821 ⁵
157 771 206 834 11.
232 772 262 834 i‘.
283 774 343 833 iota
359 773 495 833 adiuncta
510 772 592 850 virga
614 774 758 851 significat
781 773 936 835 dimidium
959 792 1008 834 so·

92 873 195 935 lidum.

157 974 206 1038 12.
230 977 281 1042 <.
313 977 444 1055 virgulae
467 976 542 1038 duae
565 996 602 1037 ex
623 994 682 1037 uno
706 976 813 1055 angulo
836 996 852 1036 a
874 976 957 1039 laam
979 979 1010 1037 in

92 1079 242 1140 dexteram
271 1096 303 1139 se
331 1077 495 1139 dividentes
522 1079 687 1157 significant
721 1078 886 1157 dragmam,
921 1097 1010 1159 quam

94 1182 180 1240 eiiam
204 1178 299 1241 oleam
321 1179 483 1258 appellant.

43 1280 75 1327 10
158 1278 206 1341 13.
232 1280 289 1343 ΝΓ.
315 1280 340 1343 Ν
364 1281 499 1342 Latinum
523 1282 662 1343 adiuncto
687 1282 705 1344 Γ
728 1283 842 1344 Graeco
865 1282 1011 1360 significat

92 1382 293 1443 semiunciam.

157 1481 206 1543 14.
229 1484 263 1547 Ιῖ.
288 1501 406 1561 gamma
428 1495 525 1547 autam
542 1486 673 1547 Graecae
695 1483 812 1546 litterae
835 1485 1008 1546 oLatinum

92 1587 123 1645 in
146 1586 205 1646 fine
226 1586 359 1646 iunctum
382 1588 527 1666 significat
548 1588 675 1647 unciam.

158 1685 207 1748 15.
231 1685 265 1786 ᾼ.
297 1687 382 1749 {auda
405 1690 550 1751 Graecum
574 1707 628 1767 per
651 1689 782 1750 madium
805 1690 850 1750 sui
875 1687 881 1749 Ι
905 1687 1010 1748 Latino

45 1802 79 1851 15
97 1789 210 1849 adiecta
233 1790 379 1867 significat
400 1789 516 1852 libram.

158 1890 207 1954 m.
233 1892 281 1954 ml
306 1893 661 1971 cappaGrascumci1·ca
684 1893 773 1953 linem
796 1909 941 1951 cornuum
958 1891 1011 1952 ad·

94 1996 194 2055 iuncto
218 2015 236 2074 y
258 1995 362 2055 Latino
385 1992 529 2071 significat
552 1997 668 2054 ciatum.

159 2112 208 2175 17.
239 2115 270 2174 Si
297 2134 367 2174 vem
396 2132 414 2175 o
443 2113 580 2173 Latinum
608 2113 665 2172 hoc
693 2111 781 2172 modo
812 2110 851 2174 Κ0
877 2114 1011 2173 iunctum

93 2216 245 2284 habuerit,
271 2218 398 2276 eminam
421 2216 619 2284 demonstrat,
643 2233 731 2293 quam
755 2215 859 2275 Graeci
882 2212 1012 2274 emiliam

43 2328 77 2375 20
95 2316 252 2395 appeliant.

160 2415 208 2477 18.
240 2417 271 2477 Si
300 2427 397 2477 autem
420 2418 477 2478 hoc
499 2418 587 2478 modo
612 2415 649 2479 Κε
680 2420 811 2479 iunctum
835 2417 1012 2480 habuerite

95 2520 231 2580 Latinum
253 2521 398 2597 significat
420 2565 588 2580 ......

161 2619 209 2682 19.
236 2667 242 2681 .
268 2668 274 2681 .
301 2669 307 2681 .
337 2622 508 2682 adiunctum
542 2620 650 2681 indicat
683 2619 893 2690 accitabulum,
932 2620 1013 2700 quod

96 2724 202 2784 Graeci
225 2722 383 2802 oxiphalon
406 2731 520 2784 vocant.

166 2999 187 3044 1.
207 2993 327 3059 litteras]
348 2995 462 3059 siliquas
481 2996 577 3046 Isidor.
594 2995 633 3057 fr.
652 2998 710 3050 127,
729 2997 744 3042 9
848 2994 877 3043 id
901 2992 954 3058 esi]
982 2993 1012 3042 ·1·

95 3083 163 3142 coti,
181 3082 240 3130 item
258 3084 331 3130 vs.3
434 3083 457 3129 3.
479 3079 499 3129 Η
519 3080 651 3128 Latinum
669 3081 726 3129 cod.
825 3093 936 3147 grecum
955 3081 1012 3129 cod.

96 3167 122 3218 5.
142 3166 173 3214 de
192 3173 252 3214 nota
269 3167 326 3215 vide
341 3165 429 3228 praef.
483 3161 573 3228 virga]
594 3165 653 3212 uita
672 3165 728 3213 cad.
800 3166 824 3213 7.
843 3161 870 3228 (]
894 3160 936 3213 ΙΙΖ
954 3166 1012 3214 eod.

95 3250 207 3313 Uirgula
226 3251 276 3299 due
296 3252 353 3300 cod.
422 3249 486 3298 laua
504 3249 561 3298 cod.
637 3251 676 3301 10.
697 3246 717 3296 Ν
738 3255 797 3297 anie
815 3249 947 3297 Latinum
965 3264 1013 3298 om.

95 3335 153 3385 eod.
242 3337 282 3385 1⁶2.
302 3350 384 3399 gama
403 3337 494 3382 auiam
513 3347 596 3398 grece
614 3332 707 3382 littere
726 3335 783 3383 cod.
871 3335 911 3381 14.
932 3334 1014 3383 librae

97 3427 158 3470 nota
175 3421 202 3468 in
219 3421 275 3469 cod.
293 3420 351 3482 fere
371 3420 458 3467 eadem
476 3434 507 3467 aa
524 3434 605 3481 supra
623 3419 658 3466 ad
673 3418 710 3475 fa.
731 3421 788 3475 127,
809 3420 842 3466 14
912 3419 952 3470 16.
974 3416 1014 3481 Ky

92 3520 166 3569 capa
184 3507 241 3555 eod.
313 3506 354 3554 m.
370 3500 502 3568 eminam]
521 3518 606 3552 unam
617 3503 674 3552 cod.
741 3504 786 3550 Ὦ.
804 3509 862 3564 post
874 3501 1016 3563 significas

75 3591 175 3641 laeana
191 3599 233 3643 est
250 3596 278 3645 z'n
295 3593 388 3645 codice
