2378 3930
401 203 582 262 cHOROGR.
601 204 642 258 111
660 207 769 275 (1—11)
1045 204 1088 269 57

73 390 92 433 a
124 366 210 431 mari
241 365 397 452 grandem
432 367 540 432 lacum
571 367 650 432 fecit
681 367 775 451 quasi
812 390 850 433 ex
880 389 966 432 novo
997 367 1090 432 fonte

72 457 222 541 geminus
250 454 405 539 excribn,
437 460 640 540 quantusque
667 456 807 540 simplici
833 455 926 520 alveo
956 459 1091 522 venerat

71 549 186 610 tantus
205 543 344 629 singulis
364 543 478 609 effluit.
510 548 580 609 tum
599 545 690 609 sinus
709 545 793 609 alter
811 565 914 629 usquo
934 544 1090 609 adfinem

71 632 259 717 provinciae
286 632 477 716 inflectitur,
504 654 641 718 eumque
668 655 771 716 parva
798 632 917 716 oppida
943 630 1091 717 Olintigi,

45 720 247 804 ⁶0nolappa
270 721 474 806 contingunt.
520 725 555 786 at
576 721 746 786 Lusitania
768 725 859 786 trans
883 720 1004 806 Anam,
1027 742 1091 805 qua
1109 741 1125 790 6

72 830 164 874 mare
188 808 394 874 Atlanticum
423 812 561 894 spectat,
588 810 730 893 primum
757 809 883 894 ingenti
909 809 1033 892 impetu
1056 809 1092 873 in

73 899 180 963 altum
207 897 292 982 abit,
323 897 398 962 dein
428 896 539 963 resisti
587 919 625 963 ac
658 919 692 963 se
724 898 830 982 magis
863 898 963 963 etiam
994 918 1091 982 quam

71 985 210 1052 Baetica
237 984 378 1050 abducit.
424 1007 489 1069 qua
515 987 680 1070 prominet
703 986 752 1051 bis
776 988 811 1050 in
834 990 938 1051 semet
960 989 1090 1070 recepto
1110 1006 1125 1053 7

73 1074 158 1140 mari
176 1073 212 1138 in
229 1075 295 1140 tria
312 1075 539 1157 promunturia
557 1075 768 1161 dispergitur:
787 1073 879 1139 Anae
898 1075 1091 1158 proximum,

33 1180 60 1219 1⁰
73 1163 152 1247 quia
179 1162 250 1228 lata
276 1162 352 1228 sede
374 1183 568 1247 procurrens
596 1163 755 1247 paulatim
780 1186 814 1228 se
838 1185 875 1228 ac
902 1185 961 1228 sua
987 1164 1091 1228 latera

71 1251 223 1337 fastigat,
246 1248 376 1316 Cuneus
399 1271 479 1335 ager
502 1251 629 1336 dicitur,
653 1273 791 1336 sequens
812 1250 943 1317 Sacrum
966 1254 1092 1335 vocant,

71 1337 232 1424 Magnum
259 1339 345 1424 quod
372 1339 509 1404 ulterius
542 1344 600 1406 est.
651 1340 685 1404 in
713 1337 823 1406 Cuneo
851 1343 927 1405 sunt
954 1338 1091 1424 Myrtili,

71 1426 194 1510 Balsa,
228 1427 420 1506 Ossonoba,
460 1428 495 1492 in
532 1425 630 1494 Sacro
667 1428 869 1513 Laccobriga
905 1431 938 1493 et
973 1427 1091 1493 Portus

71 1514 282 1600 Hannibalis,
303 1516 339 1580 in
361 1515 483 1601 Magno
506 1515 627 1582 Ebora.
673 1519 763 1583 sinus
786 1519 961 1582 intersunt:
986 1521 1018 1581 et
1041 1520 1126 1582 ests

32 1621 59 1663 ιι
71 1605 108 1669 in
125 1605 275 1690 proximo
295 1602 433 1684 Salacia,
456 1605 491 1670 in
509 1606 612 1671 altero
631 1604 784 1690 Ulisippo
806 1609 839 1670 et
855 1606 938 1689 Tagi
961 1605 1092 1683 ostium,

72 1695 180 1759 amnis
204 1714 349 1779 gemmas
370 1714 547 1778 aurumque
566 1695 763 1778 generantis.
808 1694 849 1759 ab
868 1694 920 1758 his
940 1714 1091 1778 promun-

70 1783 169 1848 turiis
200 1782 236 1846 in
266 1781 355 1846 illam
393 1785 521 1865 partem
553 1804 639 1866 quae
672 1783 806 1848 recessit
838 1783 953 1868 ingens
989 1782 1090 1847 flexus

71 1871 245 1955 aperitur,
260 1871 295 1935 in
318 1892 420 1954 eoque
449 1875 525 1935 sunt
547 1869 683 1935 Turduli
709 1876 835 1936 veteres
860 1870 1091 1936 Turdulorum-

71 1982 136 2045 que
156 1959 286 2045 oppida,
304 1980 416 2024 amnes
436 1964 545 2025 autem
558 1958 680 2024 Munda
698 1960 733 2024 in
747 1959 888 2024 medium
902 1959 969 2022 iere
983 1959 1091 2022 ultimi

31 2049 291 2132 ”promunturii
312 2049 399 2113 latus
418 2048 563 2131 effluens,
586 2051 618 2112 et
640 2047 764 2112 radices
789 2045 932 2111 eiusdem
956 2046 1090 2109 adluens

71 2135 207 2201 Durius.
255 2136 345 2201 frons
375 2136 434 2201 illa
464 2136 664 2222 aliquamdiu
690 2139 813 2200 rectam
844 2134 951 2217 ripam
982 2133 1126 2218 habeta

73 2224 150 2290 dein
172 2223 300 2290 modico
318 2224 404 2289 flexu
426 2229 560 2309 accepto
578 2245 654 2289 mox
677 2224 846 2307 paululum
869 2223 999 2308 eminet,
1021 2227 1093 2288 tum

72 2312 209 2378 reducta
240 2313 359 2378 iterum
390 2313 574 2397 iterumque
604 2320 693 2377 recto
727 2311 874 2399 margine
906 2312 1014 2376 iacens
1052 2311 1092 2375 ad

71 2401 336 2485 promunturium
378 2401 464 2486 quod
505 2399 665 2466 Celticum
707 2422 859 2466 vocamus
901 2399 1092 2466 extenditur.

33 2506 59 2548 ιι
72 2494 182 2556 totam
210 2487 327 2555 Celtici
354 2489 480 2572 colunt,
506 2488 562 2554 sed
590 2511 610 2554 a
636 2488 740 2554 Durio
769 2490 810 2554 ad
836 2490 955 2554 flexum
982 2487 1144 2572 Grovi,10

72 2578 242 2662 fluuntque
264 2599 323 2661 per
346 2598 400 2642 eos
423 2576 506 2661 Avo,
529 2574 681 2662 Celadus,
703 2576 817 2662 Nebis,
838 2576 960 2643 Minius
984 2581 1017 2642 et
1040 2577 1091 2641 cui

73 2666 250 2732 oblivionis
278 2686 457 2750 cognomen
484 2669 535 2730 est
561 2665 675 2731 Limia.
719 2666 821 2731 flexus
849 2666 919 2748 ipse
945 2665 1092 2731 Lambri-

73 2775 167 2820 acam
186 2755 300 2820 urbem
320 2755 486 2837 amplexus
504 2754 622 2838 recipit
641 2753 755 2819 fluvios
774 2754 902 2819 Laeron
919 2757 952 2818 et
969 2753 1090 2819 Ullam.

73 2847 201 2927 partem
225 2862 307 2925 quae
330 2843 496 2925 prominet
518 2841 763 2908 Praesamarchi
785 2842 947 2926 habitant,
969 2862 1090 2926 perque
1110 2858 1142 2906 11

145 3056 171 3109 5.
195 3053 227 3106 at
246 3052 289 3106 A¹
316 3068 385 3108 corr.
469 3057 510 3106 12.
535 3065 623 3105 cuneo
646 3052 674 3105 A
695 3052 815 3118 (litteren
843 3068 877 3105 cu
904 3051 968 3106 add.
992 3049 1032 3104 A²
1059 3052 1092 3105 io

72 3124 164 3245 quatio
181 3125 280 3190 uacuo)
355 3129 397 3180 13.
419 3120 497 3177 balio
517 3122 545 3175 A
567 3121 652 3176 Balsa
674 3122 821 3177 Burburus
875 3121 1040 3192 lattobrigal
1063 3123 1092 3175 A

97 3192 249 3263 accobriga
269 3194 370 3274 screpsi
441 3199 484 3249 15.
507 3192 666 3263 proximum
688 3191 717 3245 A
790 3198 832 3249 18.
851 3191 956 3247 turanli
971 3193 1007 3247 ·A
1024 3191 1093 3246 Tur-

73 3262 135 3317 duli
157 3280 178 3319 a
255 3270 296 3319 19.
321 3281 352 3318 ιιι
374 3263 499 3319 medium
521 3264 580 3318 fere
607 3263 712 3317 munda
735 3264 766 3320 A
785 3262 890 3316 Munda
912 3262 943 3316 in
969 3262 1093 3318 medium

73 3334 168 3389 lerec
240 3341 282 3390 20.
302 3334 422 3389 adluens
440 3335 482 3389 A¹
500 3335 609 3389 alluens
627 3333 668 3388 A²
740 3341 783 3391 21.
802 3332 985 3406 aliquansldiu
1002 3336 1030 3389 A

74 3411 117 3461 25.
136 3405 229 3459 tutam
246 3406 288 3459 A¹
306 3406 397 3460 totam
410 3405 451 3459 A*
524 3412 566 3461 27.
581 3412 624 3462 28.
638 3405 821 3460 lambriacam
834 3405 862 3459 A
879 3407 999 3471 (litterae
1012 3420 1092 3458 acam

74 3477 139 3532 cdd.
159 3475 200 3529 A'
223 3477 255 3530 iu
277 3478 368 3546 spatio
390 3483 489 3546 cocao)
559 3483 603 3532 28.
622 3474 714 3531 laeros
732 3476 761 3530 A
778 3475 886 3530 Laeron
911 3475 1022 3530 Vossius
