2378 3930
110 199 153 266 20
429 205 431 212 ·
455 197 634 253 romanu
651 191 777 253 min
818 216 821 221 ·

106 368 177 428 tum
200 360 322 429 Cnidus
346 361 381 426 in
403 381 504 426 cornu
525 381 628 446 paene
650 361 790 446 insulae,
814 360 967 444 ¹interque
995 379 1070 425 eam
1091 363 1128 425 et

55 461 88 518 es
108 449 312 516 Caranicum
340 448 447 515 sinum
474 450 509 514 in
533 469 664 516 recessu
690 450 799 534 posita
821 446 987 516 Euthana.
1033 447 1137 513 Hali-¹

106 560 259 605 carnosos
289 538 486 623 Argivorum
514 538 644 603 colonia
670 541 735 621 est,
767 542 801 603 et
832 558 888 603 cur
918 537 1129 602 memoranda

107 629 159 713 sit,
177 631 305 712 praeter
324 626 516 710 conditores,
535 626 739 692 Mausoleum
756 627 859 691 efficit
875 625 965 710 regis
984 622 1127 691 Mausoli

107 720 366 799 monumentum,
389 736 491 783 unum
514 715 553 780 de
576 715 741 782 miraculis
764 719 904 800 septem,
927 711 1126 780 Artemisiae
1152 729 1166 773 a

108 828 199 890 opus.
243 810 335 869 trans
354 802 593 870 Halicarnason
610 803 671 869 illa
688 807 778 868 sunt:
796 804 875 869 litus
894 802 1011 885 Leuca,
1028 804 1127 867 urbes

108 893 256 978 Myndos,
275 892 452 972 Oaruanda,
471 891 638 977 Neapolis,
663 892 751 958 sinus
771 891 877 957 Iasius
902 894 936 956 et
953 891 1128 959 Basilicus.

109 983 145 1047 in
166 982 252 1047 Iasio
277 985 327 1045 est
349 979 521 1066 Bargylos.

59 1050 98 1113 17
199 1071 281 1136 Post
294 1068 473 1137 Basilicum
486 1067 580 1135 Ionia
599 1069 726 1154 aliquot
744 1091 779 1134 se
798 1067 992 1153 ambagibus
1007 1068 1129 1152 sinuat,

57 1128 91 1176 ⁸⁶
111 1164 145 1225 et
171 1159 313 1244 primum
340 1179 360 1222 a
387 1157 525 1222 Posideo
558 1159 784 1241 promunturio
817 1157 936 1224 flexum
968 1156 1127 1222 inchoans
1142 1174 1168 1214 ιο

113 1247 217 1331 cingit
247 1246 415 1311 oraculum
445 1244 611 1329 Apollinis
643 1246 767 1311 dictum
803 1247 883 1310 olim
913 1244 1130 1329 Branchidae,

112 1357 199 1401 nunc
216 1335 381 1419 Didymei3
401 1334 560 1420 Miletum,
581 1334 696 1400 urbem
715 1335 878 1420 quondam
896 1333 1008 1400 Ioniae
1025 1335 1129 1400 totius

113 1424 194 1489 belli
230 1423 383 1507 pacisque
421 1422 546 1488 artibus
578 1424 774 1508 prinoipem,
806 1423 948 1508 patriam
979 1422 1129 1489 Thaletis

114 1512 274 1597 astrologi
297 1515 330 1576 et
353 1511 528 1578 Timothei
542 1513 658 1577 musici
682 1515 715 1576 st
735 1511 972 1577 Anaximandri
993 1511 1130 1596 physici,

115 1601 317 1685 aliorumque
345 1600 475 1666 civium
493 1600 624 1666 inclutis
648 1601 790 1686 ingeniis
818 1601 935 1666 merito
962 1601 1129 1683 inclutam,
1143 1615 1170 1658 1⁵

110 1693 286 1775 utcumque
309 1688 437 1753 Ioniam
459 1692 590 1773 vocant3
613 1689 728 1754 urbem
750 1688 888 1774 Hippin,
912 1689 1017 1754 amnis
1040 1688 1129 1754 Mae-

111 1778 203 1842 andri
226 1777 358 1859 exitum,
380 1777 546 1843 Latmium
569 1781 724 1861 montem,
746 1778 961 1862 Endymionis
985 1801 1006 1843 a
1027 1777 1129 1862 Luna,

59 1883 91 1932 8⁷
113 1872 148 1931 ut
176 1867 297 1949 ferunt,
325 1865 470 1931 adamati
496 1866 609 1931 fabula
636 1866 790 1932 nobilem.
837 1867 913 1931 dein
939 1887 1051 1932 rursus
1080 1866 1130 1930 in-

110 1956 196 2021 flexa
220 1954 323 2041 cingit
346 1955 461 2019 urbem
484 1955 625 2020 Prienen
652 1960 686 2020 et
709 1955 806 2021 Gaesi
830 1956 974 2020 fluminis
999 1954 1129 2037 ostium,

111 2066 250 2128 moxque
273 2047 311 2108 ut
329 2043 451 2109 maiore
471 2044 608 2110 circuitu
630 2045 679 2109 ita
696 2045 791 2129 plura
810 2044 1036 2128 conplectitur.
1080 2042 1128 2107 ibi
1142 2060 1170 2102 ao

111 2136 161 2198 est
193 2133 389 2197 Panionium
426 2154 519 2198 sacra
555 2135 664 2218 regio,
703 2136 736 2198 et
773 2133 814 2198 ob
851 2133 887 2197 id
923 2154 961 2197 eo
995 2132 1128 2198 nomine

16 2231 24 2243 ‘
58 2237 91 2287 88
111 2221 276 2304 adpellata
299 2220 385 2305 quod
409 2244 482 2286 eam
509 2222 726 2286 communiter
748 2221 845 2286 Iones
874 2222 994 2287 colunt.
1039 2220 1086 2284 ibi
1110 2241 1130 2284 a

110 2309 272 2393 fugitivis,
309 2312 347 2372 ut
378 2310 482 2393 aiunt,
520 2309 650 2375 condita
687 2307 821 2395 (nomen
857 2310 964 2376 famae
1001 2300 1129 2395 adnuit)

110 2396 268 2480 Phygela.
320 2396 368 2462 ibi
394 2398 545 2482 Ephesus
579 2402 612 2463 et
642 2397 769 2463 Dianae
800 2399 1019 2464 clarissimum
1047 2400 1130 2462 tem·

111 2485 215 2570 plum,
247 2485 333 2569 quod
360 2484 543 2551 Amazones
570 2485 652 2550 Asia
679 2487 803 2570 potitae
831 2507 1036 2554 consecrasse
1063 2490 1129 2550 tra·
1144 2501 1170 2544 ²⁶

112 2574 244 2657 duntur3
276 2573 324 2637 ibi
352 2572 508 2659 Caystros
541 2575 659 2658 amnis3
691 2575 739 2640 ibi
768 2575 930 2660 Lebedos,
963 2574 1128 2658 Glariique

111 2660 275 2745 Apollinis
307 2662 433 2748 fanum,
465 2662 552 2747 quod
578 2662 693 2728 Manto
721 2663 865 2731 Tiresiae
897 2664 967 2729 filia
998 2663 1128 2748 fugiens

183 2841 208 2888 2.
222 2835 385 2890 tetraticum
399 2839 426 2890 A
441 2835 614 2891 Ceramicum
628 2837 773 2893 Barbarus
823 2838 941 2893 euciana
953 2840 982 2893 A
996 2837 1128 2891 Euthana

112 2906 238 2960 Boreion
288 2913 312 2960 2.
323 2914 348 2961 3.
358 2906 563 2961 halicarnassos
574 2907 602 2960 A
611 2907 808 2965 Halicarnason
822 2912 922 2980 scrspsi
976 2916 1000 2964 6.
1010 2907 1130 2962 halicar-

113 2991 215 3030 ssonna
224 2979 251 3030 A
265 2976 469 3032 Halicarnason
481 2980 582 3047 scripsi
632 2985 656 3033 2.
670 2978 795 3047 myridos
805 2982 833 3035 A
842 2979 963 3050 Myndos
978 2981 1131 3036 Placemus

166 3046 290 3102 arnanda
308 3048 336 3102 A
356 3047 502 3102 Garuanda
520 3048 647 3104 Bursian
701 3050 776 3105 iasus
795 3052 823 3106 A
842 3052 931 3106 larius
949 3069 970 3108 :c
1025 3058 1049 3107 8.
1069 3049 1130 3104 iaso

112 3117 139 3171 A
211 3116 339 3186 barcylos
359 3121 386 3173 A
404 3119 542 3188 Bargylos
560 3120 708 3176 Barbarus
780 3128 805 3178 9.
825 3121 941 3192 aliquod
959 3123 1000 3177 A¹
1019 3120 1130 3191 aliquot

112 3188 153 3242 A2
191 3257 197 3269 ·
231 3195 271 3243 11.
295 3189 453 3244 bramaciae
479 3192 506 3243 A
528 3191 703 3246 Branchidae
730 3193 876 3250 Barbarus
953 3201 994 3250 12.
1021 3191 1131 3262 didymi

112 3259 140 3312 A
163 3258 294 3328 Didymei
320 3259 430 3317 Vocatus
504 3267 607 3316 1a17.
633 3263 759 3319 meandri
784 3266 810 3320 A
883 3272 924 3320 19.
949 3264 1077 3334 prienam
1101 3263 1130 3318 A

112 3328 269 3385 Prienenc
341 3336 384 3387 21.
407 3330 561 3400 panionum
583 3332 611 3386 A
687 3341 729 3389 22.
754 3333 900 3406 adpellata
921 3336 963 3389 A²
985 3334 1131 3405 appellata

114 3400 154 3453 A²
225 3407 268 3456 24.
287 3401 413 3471 phygeta
431 3402 459 3456 A
476 3401 604 3473 Phygela
625 3404 772 3464 Barbarus
843 3412 886 3464 26.
905 3405 1014 3461 libedos
1033 3407 1062 3461 A

114 3478 156 3526 27.
176 3471 291 3526 mantho
310 3474 338 3527 A
650 3479 669 3490 ’·
