2378 3930
325 231 521 275 numerorius
542 231 706 275 nonnanes.
930 211 975 277 25

56 378 159 439 tatum,
183 371 221 425 ita
242 369 322 426 etiam
338 369 490 443 ponderum
505 376 533 424 et
548 384 737 441 mensurarum
757 349 896 425 scientiam
914 386 971 425 ver·

57 454 134 511 sibus
155 453 311 510 describere
335 461 431 510 conata
452 460 502 509 est.
538 452 596 522 Quo
620 470 652 508 er
673 469 775 525 genere
796 453 829 508 ad
849 462 972 510 nostram

58 545 175 595 aetatem
201 547 384 611 pervenerunt
405 538 460 593 duo
486 538 621 609 carmina,
649 537 764 593 alterum
789 536 898 594 brevius
922 554 972 596 nec

58 621 112 679 ulla
127 622 258 696 peculiari
280 623 382 678 virtute
403 623 528 697 insigne,
552 621 667 678 alterum
689 623 756 679 satis
777 624 919 696 copiosum
941 641 972 680 aa

55 707 182 763 laudabili
211 714 268 762 arte
296 713 323 762 et
345 707 437 763 studio
462 709 660 781 compositum,
688 708 720 763 de
743 725 798 780 quo
819 707 871 763 iam
892 706 973 764 nobis

57 799 99 848 est
114 791 316 866 disputandum.

144 890 273 948 Nonnulli
293 899 400 948 veteres
422 892 529 949 codices
552 910 603 949 una
617 909 678 949 eum
692 891 824 948 Prisciani
841 907 972 967 gramma·

58 979 104 1035 tici
120 979 230 1050 seriptis
242 977 383 1033 continent
400 984 507 1033 eentum
523 977 660 1049 sexaginta
677 977 734 1032 lere
747 992 842 1032 versus
856 976 889 1032 de
903 993 959 1050 pon

58 1060 165 1117 deribus
190 1069 217 1116 et
238 1063 388 1132 mensuris,
410 1078 480 1135 quos
497 1071 524 1117 et
539 1077 570 1116 eu
585 1063 644 1134 ipsa
659 1060 769 1117 illorum
785 1061 908 1118 codicum
925 1079 971 1118 au-

56 1146 184 1202 ctoritate
199 1155 227 1202 et
237 1149 305 1219 'quia
320 1146 487 1202 Prisciannm
502 1146 534 1201 de
550 1145 631 1201 simili
649 1153 810 1220 argumento
827 1146 973 1219 scripsisse

56 1233 84 1287 in
99 1229 170 1286 libro
186 1231 219 1286 de
235 1230 330 1303 liguris
349 1247 524 1287 numerorum
542 1229 770 1299 recordabantur,
790 1230 869 1286 multi
886 1230 971 1285 eidem

57 1316 234 1389 grammatico
252 1314 371 1371 tribuere
386 1322 592 1371 consueverant.
627 1312 711 1382 Quarti
728 1315 886 1389 opinionem
904 1331 973 1388 quo·

57 1400 138 1456 modo
154 1398 356 1455 lVernsdorfius
380 1417 440 1455 cum
460 1399 572 1473 reliquis
596 1400 760 1455 testimoniis
782 1416 850 1474 quae
874 1400 907 1455 de
926 1416 973 1455 au·

58 1491 134 1540 ctore
159 1485 286 1540 carminis
308 1484 434 1540 feruntur
459 1483 616 1558 conciliare·
631 1484 783 1555 studuerit,
812 1500 972 1557 supervaea·
1049 1509 1053 1517 ·

57 1585 138 1625 neum
161 1577 203 1624 est
224 1569 269 1624 hic
292 1577 433 1642 repetere,
457 1568 584 1641 quoniam
605 1568 658 1624 alio
681 1586 711 1623 eu
732 1570 866 1642 principio
887 1576 971 1625 totam

58 1655 245 1727 quaestionem
263 1653 418 1709 ordiendam
435 1669 495 1709 esse
510 1662 584 1709 recte
596 1669 668 1709 nunc
679 1654 820 1727 cognitum
832 1653 971 1709 habemus.

120 1755 172 1810 lam
189 1756 306 1828 primum
326 1755 473 1824 videamus,
489 1754 554 1827 qnid
572 1771 603 1810 ex
617 1755 684 1828 ipsis
702 1764 822 1811 veterum
839 1754 972 1809 librorum

57 1841 221 1899 testimoniis
238 1839 270 1894 de
287 1840 422 1911 scriptore
439 1841 565 1894 carminis
581 1839 754 1896 statuendum
770 1841 812 1894 sit.
840 1838 972 1911 lnseripta

56 1923 139 1980 habet

120 2007 163 2062 De
175 2007 355 2077 ponderibus
371 2005 455 2061 codex
469 2004 609 2060 Bobieusis
625 2007 839 2071 vetustissimus;

59 2146 62 2151 ·
122 2113 189 2162 itenr
208 2108 356 2162 Prisciani
377 2105 448 2160 liber
471 2106 507 2160 de
526 2106 703 2176 ponderibus
724 2115 751 2162 el
772 2112 913 2163 mensuris
937 2122 975 2161 ea

58 2207 144 2264 opere
164 2186 264 2263 Rufini
285 2192 331 2246 vel
349 2190 484 2245 Pucinni.
524 2190 559 2245 de
578 2192 756 2262 ponderibus
778 2200 805 2247 et
829 2196 973 2247 mensuris

59 2277 118 2333 cod.
139 2277 286 2333 Vossianus
309 2276 348 2333 33
370 2275 397 2329 in
412 2273 432 2329 4
448 2273 525 2346 (lleil.
541 2275 574 2331 arl
588 2277 718 2334 Priscian.
737 2277 788 2333 vol.
804 2277 825 2332 ll
841 2294 868 2350 p.
885 2274 973 2348 391);

58 2362 184 2417 similiter
200 2360 284 2418 codex
299 2360 418 2434 Reginae
434 2357 561 2430 Sueeiae,
584 2377 615 2417 aa
635 2378 689 2437 quo
702 2361 871 2418 Burmannus
887 2360 971 2435 (poet.

56 2446 113 2501 lat.
131 2449 194 2501 min.
211 2446 263 2502 vol.
280 2445 301 2500 ll
319 2464 344 2519 p.
363 2443 437 2517 396)
452 2444 543 2500 alleri:
561 2445 708 2503 Prisciani
721 2447 794 2503 liber
811 2448 847 2501 de
859 2448 971 2518 ponde-

58 2531 138 2586 ribus
156 2539 182 2586 et
197 2534 339 2586 mensuris
356 2546 393 2585 en
410 2544 496 2601 opere
511 2528 610 2602 Rufini
624 2532 671 2586 nel
683 2531 825 2601 Faoinni;

129 2632 232 2688 Versus
248 2632 394 2688 Prisciani
412 2636 600 2705 prammntici
617 2634 652 2687 de
665 2634 769 2705 fipuris
787 2648 973 2688 numerorum

60 2726 87 2772 et
99 2718 261 2787 ponderum
284 2716 469 2790 Sangallensis
489 2714 550 2771 817
571 2714 706 2787 (Schenkl.
730 2734 756 2790 p.
774 2716 813 2773 59
837 2733 973 2774 commen·

58 2803 118 2857 tarii
134 2802 204 2857 inira
220 2802 247 2856 in
264 2801 323 2857 adn.
341 2800 359 2856 2
376 2800 476 2875 citati);

122 2893 203 2949 Remi
213 2893 320 2949 Fucini
334 2894 369 2948 da
382 2895 563 2964 ponderibus
575 2899 602 2946 et
613 2895 754 2946 mensuris
764 2892 824 2948 cod.
835 2892 973 2949 Guelferb.

58 2976 193 3033 Gudianus
212 2977 251 3034 64
268 2979 295 3033 in
312 2976 341 3047 4,
360 2995 375 3032 a
389 2978 469 3035 nobis
481 2978 608 3049 collatus,
623 2978 688 3032 item
701 2976 848 3033 Vossianus
862 2975 900 3032 12
914 2980 940 3032 in
953 2977 973 3033 8

57 3061 158 3132 (Hertz.
178 3062 209 3117 ad
225 3061 352 3116 Priscian.
369 3062 446 3118 vol.l
467 3081 494 3137 p.
511 3060 591 3132 lle),
612 3060 794 3117 llorbacensis
810 3056 972 3133 (lindlieher.

57 3164 85 3218 p.
102 3142 169 3221 99),
191 3145 360 3202 llonacensis
385 3146 487 3204 18375
510 3162 579 3205 saec.
595 3145 631 3218 X,
657 3145 700 3200 alii
723 3143 832 3216 (Christ.
855 3147 883 3201 in
904 3146 971 3202 llus.

57 3230 143 3286 lihen.
160 3230 204 3285 XX
223 3248 249 3304 p.
266 3229 331 3301 69);

122 3315 204 3370 lierni
217 3315 324 3372 Paniai
343 3318 464 3387 epistola
488 3319 523 3371 da
543 3315 723 3389 ponderibus
744 3330 781 3369 ea
795 3331 880 3371 sensu
897 3321 974 3371 aius·

59 3400 122 3455 dena
147 3401 222 3456 clari
240 3406 372 3457 auctoris
391 3403 431 3458 ad
450 3402 650 3474 Symmaobum
665 3405 786 3457 metrica
807 3406 872 3456 iura
887 3403 974 3454 missa

54 3488 163 3639 mgrpgp
186 3485 245 3541 cod.
271 3485 416 3547 Parisinus
443 3486 530 3550 7498
557 3486 641 3567 illeil.
668 3487 705 3547 ad
722 3485 865 3544 Priscian.
888 3481 950 3536 sd.
967 3479 1003 3529 XX

37 3581 68 3634 Ρ·
169 3589 178 3634 i
