<?xml version="1.0" encoding="UTF-8"?>
<!DOCTYPE html PUBLIC "-//W3C//DTD XHTML 1.0 Transitional//EN"
    "http://www.w3.org/TR/xhtml1/DTD/xhtml1-transitional.dtd">
<html xmlns="http://www.w3.org/1999/xhtml" xml:lang="en" lang="en">
 <head>
  <title>
</title>
<meta http-equiv="Content-Type" content="text/html;charset=utf-8" />
  <meta name='ocr-system' content='tesseract 3.04.00' />
  <meta name='ocr-capabilities' content='ocr_page ocr_carea ocr_par ocr_line ocrx_word'/>
</head>
<body>
  <div class='ocr_page' id='page_1' title='image "./pomponiimelaede02melagoog_0049.png"; bbox 0 0 2378 3930; ppageno 0'>
   <div class='ocr_carea' id='block_1_1' title="bbox 114 198 781 274">
    <p class='ocr_par' dir='ltr' id='par_1_1' title="bbox 114 198 781 274">
     <span class='ocr_line' id='line_1_1' title="bbox 114 198 781 274; baseline 0.001 -15"><span class='ocrx_word' id='word_1_1' title='bbox 114 209 157 274; x_wconf 81' lang='lat'>32</span> <span class='ocrx_word' id='word_1_2' title='bbox 413 198 417 203; x_wconf 89' lang='grc'><strong><em>·</em></strong></span> <span class='ocrx_word' id='word_1_3' title='bbox 459 204 638 261; x_wconf 78' lang='grc' dir='ltr'>Ροιιιοιιιι</span> <span class='ocrx_word' id='word_1_4' title='bbox 655 204 781 261; x_wconf 77' lang='lat' dir='ltr'>nunna</span> 
     </span>
    </p>
   </div>
   <div class='ocr_carea' id='block_1_2' title="bbox 63 367 1175 2319">
    <p class='ocr_par' dir='ltr' id='par_1_2' title="bbox 114 367 1134 703">
     <span class='ocr_line' id='line_1_2' title="bbox 114 367 1133 454; baseline -0.003 -16.949"><span class='ocrx_word' id='word_1_5' title='bbox 114 372 215 437; x_wconf 90' lang='lat' dir='ltr'>terior</span> <span class='ocrx_word' id='word_1_6' title='bbox 234 369 368 447; x_wconf 77' lang='lat' dir='ltr'>adtollit</span> <span class='ocrx_word' id='word_1_7' title='bbox 383 369 533 435; x_wconf 80' lang='lat' dir='ltr'>Haemon</span> <span class='ocrx_word' id='word_1_8' title='bbox 545 373 585 436; x_wconf 84' lang='lat' dir='ltr'>&#39;et</span> <span class='ocrx_word' id='word_1_9' title='bbox 602 368 784 454; x_wconf 79' lang='lat' dir='ltr'>Rhodopen</span> <span class='ocrx_word' id='word_1_10' title='bbox 802 371 836 434; x_wconf 90' lang='lat' dir='ltr'>et</span> <span class='ocrx_word' id='word_1_11' title='bbox 853 367 1007 453; x_wconf 83' lang='lat' dir='ltr'>Orbelon,</span> <span class='ocrx_word' id='word_1_12' title='bbox 1030 368 1133 436; x_wconf 84' lang='lat' dir='ltr'>sacris</span> 
     </span>
     <span class='ocr_line' id='line_1_3' title="bbox 114 457 1134 561; baseline -0.001 -37"><span class='ocrx_word' id='word_1_13' title='bbox 114 460 225 525; x_wconf 84' lang='lat' dir='ltr'>Liberi</span> <span class='ocrx_word' id='word_1_14' title='bbox 256 458 359 545; x_wconf 78' lang='lat' dir='ltr'>patria</span> <span class='ocrx_word' id='word_1_15' title='bbox 392 462 425 524; x_wconf 91' lang='lat' dir='ltr'>et</span> <span class='ocrx_word' id='word_1_16' title='bbox 457 462 552 524; x_wconf 81' lang='lat' dir='ltr'>coetu</span> <span class='ocrx_word' id='word_1_17' title='bbox 584 457 793 541; x_wconf 82' lang='lat' dir='ltr'>Maenadum,</span> <span class='ocrx_word' id='word_1_18' title='bbox 825 457 971 561; x_wconf 72' lang='lat' dir='ltr'>Orpheo</span> <span class='ocrx_word' id='word_1_19' title='bbox 988 458 1134 543; x_wconf 89' lang='lat' dir='ltr'>primum</span> 
     </span>
     <span class='ocr_line' id='line_1_4' title="bbox 114 507 1134 633; baseline -0.002 -19"><span class='ocrx_word' id='word_1_20' title='bbox 114 549 280 632; x_wconf 81' lang='lat' dir='ltr'>initiante,</span> <span class='ocrx_word' id='word_1_21' title='bbox 308 546 501 613; x_wconf 84' lang='lat' dir='ltr'>celebratos.</span> <span class='ocrx_word' id='word_1_22' title='bbox 547 547 658 633; x_wconf 88' lang='lat' dir='ltr'>equis</span> <span class='ocrx_word' id='word_1_23' title='bbox 681 507 858 612; x_wconf 85' lang='lat' dir='ltr'>Haembs</span> <span class='ocrx_word' id='word_1_24' title='bbox 847 568 883 610; x_wconf 94' lang='lat' dir='ltr'>m</span> <span class='ocrx_word' id='word_1_25' title='bbox 904 549 1034 612; x_wconf 86' lang='lat' dir='ltr'>tantum</span> <span class='ocrx_word' id='word_1_26' title='bbox 1059 546 1134 612; x_wconf 88' lang='lat' dir='ltr'>alti·</span> 
     </span>
     <span class='ocr_line' id='line_1_5' title="bbox 114 628 1134 721; baseline -0.001 -19"><span class='ocrx_word' id='word_1_27' title='bbox 114 639 236 703; x_wconf 88' lang='lat' dir='ltr'>tudinis</span> <span class='ocrx_word' id='word_1_28' title='bbox 256 637 390 721; x_wconf 69' lang='lat' dir='ltr'>abitnt</span> <span class='ocrx_word' id='word_1_29' title='bbox 375 635 572 702; x_wconf 76' lang='lat' dir='ltr'>tEuxinum</span> <span class='ocrx_word' id='word_1_30' title='bbox 591 639 625 700; x_wconf 91' lang='lat' dir='ltr'>et</span> <span class='ocrx_word' id='word_1_31' title='bbox 641 628 790 700; x_wconf 85' lang='lat' dir='ltr'>Hadrian</span> <span class='ocrx_word' id='word_1_32' title='bbox 808 655 847 700; x_wconf 85' lang='lat' dir='ltr'>ex</span> <span class='ocrx_word' id='word_1_33' title='bbox 861 656 992 700; x_wconf 86' lang='lat' dir='ltr'>summo</span> <span class='ocrx_word' id='word_1_34' title='bbox 1011 636 1134 714; x_wconf 79' lang='lat' dir='ltr'>vertice</span> 
     </span>
    </p>

    <p class='ocr_par' dir='ltr' id='par_1_3' title="bbox 63 712 1175 1432">
     <span class='ocr_line' id='line_1_6' title="bbox 63 712 1174 810; baseline -0.001 -19"><span class='ocrx_word' id='word_1_35' title='bbox 63 742 96 792; x_wconf 81' lang='lat'>18</span> <span class='ocrx_word' id='word_1_36' title='bbox 116 727 275 794; x_wconf 88' lang='lat' dir='ltr'>ostendat.</span> <span class='ocrx_word' id='word_1_37' title='bbox 323 746 389 790; x_wconf 90' lang='lat' dir='ltr'>una</span> <span class='ocrx_word' id='word_1_38' title='bbox 415 745 495 810; x_wconf 83' lang='lat' dir='ltr'>gens</span> <span class='ocrx_word' id='word_1_39' title='bbox 528 724 669 789; x_wconf 72' lang='lat' dir='ltr'>&#39;l&#39;hracae</span> <span class='ocrx_word' id='word_1_40' title='bbox 694 724 790 788; x_wconf 88' lang='lat' dir='ltr'>habit</span> <span class='ocrx_word' id='word_1_41' title='bbox 775 727 866 808; x_wconf 87' lang='lat' dir='ltr'>t,ant</span> <span class='ocrx_word' id='word_1_42' title='bbox 893 723 968 789; x_wconf 87' lang='lat' dir='ltr'>aliis</span> <span class='ocrx_word' id='word_1_43' title='bbox 995 712 1133 809; x_wconf 84' lang='lat' dir='ltr'>aliisque</span> <span class='ocrx_word' id='word_1_44' title='bbox 1160 739 1174 782; x_wconf 84' lang='lat'>⁵</span> 
     </span>
     <span class='ocr_line' id='line_1_7' title="bbox 109 811 1135 901; baseline -0.001 -21"><span class='ocrx_word' id='word_1_45' title='bbox 109 815 268 901; x_wconf 60' lang='lat' dir='ltr'>&gt;praediti</span> <span class='ocrx_word' id='word_1_46' title='bbox 274 818 308 880; x_wconf 90' lang='lat' dir='ltr'>et</span> <span class='ocrx_word' id='word_1_47' title='bbox 325 814 512 880; x_wconf 87' lang='lat' dir='ltr'>nominibus</span> <span class='ocrx_word' id='word_1_48' title='bbox 532 817 565 878; x_wconf 92' lang='lat' dir='ltr'>et</span> <span class='ocrx_word' id='word_1_49' title='bbox 582 813 737 879; x_wconf 88' lang='lat' dir='ltr'>moribus.</span> <span class='ocrx_word' id='word_1_50' title='bbox 773 811 905 896; x_wconf 83' lang='lat' dir='ltr'>quidam</span> <span class='ocrx_word' id='word_1_51' title='bbox 923 812 986 879; x_wconf 83' lang='lat' dir='ltr'>feri</span> <span class='ocrx_word' id='word_1_52' title='bbox 1004 816 1083 879; x_wconf 86' lang='lat' dir='ltr'>sunt</span> <span class='ocrx_word' id='word_1_53' title='bbox 1102 818 1135 879; x_wconf 86' lang='lat' dir='ltr'>et</span> 
     </span>
     <span class='ocr_line' id='line_1_8' title="bbox 115 900 1134 989; baseline -0.001 -21"><span class='ocrx_word' id='word_1_54' title='bbox 115 904 319 989; x_wconf 73' lang='lat' dir='ltr'><strong>paratissimi</strong></span> <span class='ocrx_word' id='word_1_55' title='bbox 341 903 383 967; x_wconf 86' lang='lat' dir='ltr'>ad</span> <span class='ocrx_word' id='word_1_56' title='bbox 401 905 550 981; x_wconf 87' lang='lat' dir='ltr'>mortem,</span> <span class='ocrx_word' id='word_1_57' title='bbox 573 900 676 968; x_wconf 79' lang='lat' dir='ltr'>Getae</span> <span class='ocrx_word' id='word_1_58' title='bbox 694 901 814 986; x_wconf 83' lang='lat' dir='ltr'>utique.</span> <span class='ocrx_word' id='word_1_59' title='bbox 859 900 894 966; x_wconf 93' lang='lat' dir='ltr'>id</span> <span class='ocrx_word' id='word_1_60' title='bbox 912 901 1004 966; x_wconf 88' lang='lat' dir='ltr'>varia</span> <span class='ocrx_word' id='word_1_61' title='bbox 1022 901 1134 986; x_wconf 89' lang='lat' dir='ltr'>opinio</span> 
     </span>
     <span class='ocr_line' id='line_1_9' title="bbox 116 982 1135 1078; baseline -0.003 -20"><span class='ocrx_word' id='word_1_62' title='bbox 116 993 257 1078; x_wconf 80' lang='lat' dir='ltr'>perficit3</span> <span class='ocrx_word' id='word_1_63' title='bbox 288 992 346 1056; x_wconf 89' lang='lat' dir='ltr'>alii</span> <span class='ocrx_word' id='word_1_64' title='bbox 361 990 529 1061; x_wconf 84' lang='lat' dir='ltr'>redituras</span> <span class='ocrx_word' id='word_1_65' title='bbox 551 993 671 1075; x_wconf 87' lang='lat' dir='ltr'>putant</span> <span class='ocrx_word' id='word_1_66' title='bbox 693 990 819 1055; x_wconf 87' lang='lat' dir='ltr'>animas</span> <span class='ocrx_word' id='word_1_67' title='bbox 843 982 1049 1076; x_wconf 87' lang='lat' dir='ltr'>obeuntium,</span> <span class='ocrx_word' id='word_1_68' title='bbox 1076 991 1135 1056; x_wconf 91' lang='lat' dir='ltr'>alii</span> 
     </span>
     <span class='ocr_line' id='line_1_10' title="bbox 118 1079 1135 1164; baseline -0.002 -18"><span class='ocrx_word' id='word_1_69' title='bbox 118 1083 180 1147; x_wconf 87' lang='lat' dir='ltr'>etsi</span> <span class='ocrx_word' id='word_1_70' title='bbox 202 1101 270 1146; x_wconf 91' lang='lat' dir='ltr'>non</span> <span class='ocrx_word' id='word_1_71' title='bbox 292 1079 426 1144; x_wconf 86' lang='lat' dir='ltr'>redeant</span> <span class='ocrx_word' id='word_1_72' title='bbox 447 1100 514 1144; x_wconf 90' lang='lat' dir='ltr'>non</span> <span class='ocrx_word' id='word_1_73' title='bbox 536 1079 717 1163; x_wconf 74' lang='lat' dir='ltr'><strong>extinguit</strong></span> <span class='ocrx_word' id='word_1_74' title='bbox 717 1100 823 1164; x_wconf 89' lang='lat' dir='ltr'>amen,</span> <span class='ocrx_word' id='word_1_75' title='bbox 846 1079 902 1144; x_wconf 86' lang='lat' dir='ltr'>aed</span> <span class='ocrx_word' id='word_1_76' title='bbox 924 1079 967 1145; x_wconf 90' lang='lat' dir='ltr'>ad</span> <span class='ocrx_word' id='word_1_77' title='bbox 984 1079 1135 1145; x_wconf 80' lang='lat' dir='ltr'>beatiora</span> 
     </span>
     <span class='ocr_line' id='line_1_11' title="bbox 116 1167 1175 1253; baseline -0.002 -19"><span class='ocrx_word' id='word_1_78' title='bbox 116 1171 270 1253; x_wconf 88' lang='lat' dir='ltr'>transire,</span> <span class='ocrx_word' id='word_1_79' title='bbox 293 1168 366 1233; x_wconf 89' lang='lat' dir='ltr'>alii</span> <span class='ocrx_word' id='word_1_80' title='bbox 375 1168 476 1233; x_wconf 89' lang='lat' dir='ltr'>emori</span> <span class='ocrx_word' id='word_1_81' title='bbox 500 1168 643 1252; x_wconf 89' lang='lat' dir='ltr'>quidem,</span> <span class='ocrx_word' id='word_1_82' title='bbox 667 1167 724 1233; x_wconf 86' lang='lat' dir='ltr'>sed</span> <span class='ocrx_word' id='word_1_83' title='bbox 744 1168 777 1232; x_wconf 93' lang='lat' dir='ltr'>id</span> <span class='ocrx_word' id='word_1_84' title='bbox 801 1168 917 1235; x_wconf 87' lang='lat' dir='ltr'>melius</span> <span class='ocrx_word' id='word_1_85' title='bbox 940 1188 1012 1234; x_wconf 86' lang='lat' dir='ltr'>asae</span> <span class='ocrx_word' id='word_1_86' title='bbox 1035 1188 1134 1252; x_wconf 90' lang='lat' dir='ltr'>qnam</span> <span class='ocrx_word' id='word_1_87' title='bbox 1149 1183 1175 1225; x_wconf 81' lang='grc' dir='ltr'>ιο</span> 
     </span>
     <span class='ocr_line' id='line_1_12' title="bbox 117 1255 1135 1341; baseline -0.002 -18"><span class='ocrx_word' id='word_1_88' title='bbox 117 1260 234 1323; x_wconf 81' lang='lat' dir='ltr'>rivere.</span> <span class='ocrx_word' id='word_1_89' title='bbox 279 1257 390 1340; x_wconf 85' lang='lat' dir='ltr'>itaque</span> <span class='ocrx_word' id='word_1_90' title='bbox 408 1257 562 1340; x_wconf 84' lang='lat' dir='ltr'>lugentur</span> <span class='ocrx_word' id='word_1_91' title='bbox 580 1257 666 1341; x_wconf 89' lang='lat' dir='ltr'>apud</span> <span class='ocrx_word' id='word_1_92' title='bbox 684 1256 842 1341; x_wconf 85' lang='lat' dir='ltr'>quosdam</span> <span class='ocrx_word' id='word_1_93' title='bbox 860 1255 1033 1341; x_wconf 87' lang='lat' dir='ltr'>puerperia</span> <span class='ocrx_word' id='word_1_94' title='bbox 1050 1256 1135 1322; x_wconf 86' lang='lat' dir='ltr'>nati·</span> 
     </span>
     <span class='ocr_line' id='line_1_13' title="bbox 117 1344 1135 1432; baseline 0 -21"><span class='ocrx_word' id='word_1_95' title='bbox 117 1367 178 1430; x_wconf 90' lang='lat' dir='ltr'>que</span> <span class='ocrx_word' id='word_1_96' title='bbox 202 1346 370 1432; x_wconf 79' lang='lat' dir='ltr'>deflentur,</span> <span class='ocrx_word' id='word_1_97' title='bbox 391 1344 509 1411; x_wconf 85' lang='lat' dir='ltr'>funera</span> <span class='ocrx_word' id='word_1_98' title='bbox 527 1348 641 1411; x_wconf 80' lang='lat' dir='ltr'>contra</span> <span class='ocrx_word' id='word_1_99' title='bbox 657 1344 744 1410; x_wconf 85' lang='lat' dir='ltr'>festa</span> <span class='ocrx_word' id='word_1_100' title='bbox 762 1347 845 1424; x_wconf 88' lang='lat' dir='ltr'>sunt,</span> <span class='ocrx_word' id='word_1_101' title='bbox 870 1349 902 1411; x_wconf 85' lang='lat' dir='ltr'>et</span> <span class='ocrx_word' id='word_1_102' title='bbox 920 1344 1023 1410; x_wconf 78' lang='lat' dir='ltr'>veluti</span> <span class='ocrx_word' id='word_1_103' title='bbox 1042 1367 1135 1411; x_wconf 86' lang='lat' dir='ltr'>sacra</span> 
     </span>
    </p>

    <p class='ocr_par' dir='ltr' id='par_1_4' title="bbox 66 1433 1172 1962">
     <span class='ocr_line' id='line_1_14' title="bbox 66 1433 1135 1518; baseline 0 -20"><span class='ocrx_word' id='word_1_104' title='bbox 66 1451 97 1500; x_wconf 82' lang='lat'>19</span> <span class='ocrx_word' id='word_1_105' title='bbox 117 1439 217 1500; x_wconf 85' lang='lat' dir='ltr'>cantu</span> <span class='ocrx_word' id='word_1_106' title='bbox 238 1435 375 1518; x_wconf 87' lang='lat' dir='ltr'>lusuque</span> <span class='ocrx_word' id='word_1_107' title='bbox 398 1434 612 1501; x_wconf 76' lang='lat' dir='ltr'>celebrantur.</span> <span class='ocrx_word' id='word_1_108' title='bbox 658 1455 698 1500; x_wconf 92' lang='lat' dir='ltr'>ne</span> <span class='ocrx_word' id='word_1_109' title='bbox 720 1434 851 1498; x_wconf 84' lang='lat' dir='ltr'>feminis</span> <span class='ocrx_word' id='word_1_110' title='bbox 875 1433 1005 1518; x_wconf 89' lang='lat' dir='ltr'>quidem</span> <span class='ocrx_word' id='word_1_111' title='bbox 1023 1433 1135 1518; x_wconf 77' lang='lat' dir='ltr'>segnis</span> 
     </span>
     <span class='ocr_line' id='line_1_15' title="bbox 119 1522 1135 1607; baseline 0 -20"><span class='ocrx_word' id='word_1_112' title='bbox 119 1523 246 1588; x_wconf 84' lang='lat' dir='ltr'>enimus</span> <span class='ocrx_word' id='word_1_113' title='bbox 270 1526 330 1590; x_wconf 89' lang='lat' dir='ltr'>est.</span> <span class='ocrx_word' id='word_1_114' title='bbox 371 1545 467 1607; x_wconf 90' lang='lat' dir='ltr'>super</span> <span class='ocrx_word' id='word_1_115' title='bbox 490 1525 693 1588; x_wconf 88' lang='lat' dir='ltr'>mortuorum</span> <span class='ocrx_word' id='word_1_116' title='bbox 711 1522 857 1587; x_wconf 77' lang='lat' dir='ltr'>virorum</span> <span class='ocrx_word' id='word_1_117' title='bbox 876 1543 1011 1606; x_wconf 87' lang='lat' dir='ltr'>corpora</span> <span class='ocrx_word' id='word_1_118' title='bbox 1035 1523 1135 1588; x_wconf 90' lang='lat' dir='ltr'>inter·</span> 
     </span>
     <span class='ocr_line' id='line_1_16' title="bbox 117 1611 1172 1697; baseline 0 -21"><span class='ocrx_word' id='word_1_119' title='bbox 117 1612 171 1676; x_wconf 90' lang='lat' dir='ltr'>fioi</span> <span class='ocrx_word' id='word_1_120' title='bbox 194 1612 354 1696; x_wconf 90' lang='lat' dir='ltr'>simulque</span> <span class='ocrx_word' id='word_1_121' title='bbox 379 1611 510 1696; x_wconf 87' lang='lat' dir='ltr'>sepeliri</span> <span class='ocrx_word' id='word_1_122' title='bbox 533 1615 647 1677; x_wconf 86' lang='lat' dir='ltr'>votum</span> <span class='ocrx_word' id='word_1_123' title='bbox 671 1611 824 1677; x_wconf 85' lang='lat' dir='ltr'>eximium</span> <span class='ocrx_word' id='word_1_124' title='bbox 843 1611 976 1697; x_wconf 88' lang='lat' dir='ltr'>habent,</span> <span class='ocrx_word' id='word_1_125' title='bbox 999 1616 1033 1676; x_wconf 91' lang='lat' dir='ltr'>et</span> <span class='ocrx_word' id='word_1_126' title='bbox 1056 1612 1133 1696; x_wconf 84' lang='lat' dir='ltr'>quia</span> <span class='ocrx_word' id='word_1_127' title='bbox 1147 1627 1172 1669; x_wconf 80' lang='lat'>1⁵</span> 
     </span>
     <span class='ocr_line' id='line_1_17' title="bbox 117 1699 1134 1784; baseline 0.001 -20"><span class='ocrx_word' id='word_1_128' title='bbox 117 1701 229 1784; x_wconf 89' lang='lat' dir='ltr'>plures</span> <span class='ocrx_word' id='word_1_129' title='bbox 253 1700 349 1765; x_wconf 90' lang='lat' dir='ltr'>simul</span> <span class='ocrx_word' id='word_1_130' title='bbox 373 1700 511 1784; x_wconf 84' lang='lat' dir='ltr'>singulis</span> <span class='ocrx_word' id='word_1_131' title='bbox 534 1702 655 1784; x_wconf 86' lang='lat' dir='ltr'>nuptae</span> <span class='ocrx_word' id='word_1_132' title='bbox 679 1703 768 1784; x_wconf 85' lang='lat' dir='ltr'>sunt,</span> <span class='ocrx_word' id='word_1_133' title='bbox 796 1701 886 1765; x_wconf 89' lang='lat' dir='ltr'>cuius</span> <span class='ocrx_word' id='word_1_134' title='bbox 909 1699 944 1767; x_wconf 87' lang='lat' dir='ltr'>id</span> <span class='ocrx_word' id='word_1_135' title='bbox 969 1700 1014 1765; x_wconf 89' lang='lat' dir='ltr'>sit</span> <span class='ocrx_word' id='word_1_136' title='bbox 1036 1699 1134 1765; x_wconf 88' lang='lat' dir='ltr'>decus</span> 
     </span>
     <span class='ocr_line' id='line_1_18' title="bbox 119 1787 1135 1962; baseline 0 -21"><span class='ocrx_word' id='word_1_137' title='bbox 119 1787 1135 1962; x_wconf 50' lang='lat' dir='ltr'>uttttdfttlttntutmtttitulantur</span> 
     </span>
    </p>

    <p class='ocr_par' dir='ltr' id='par_1_5' title="bbox 665 1927 673 1960">
     <span class='ocr_line' id='line_1_19' title="bbox 665 1927 673 1960; baseline 0 0"><span class='ocrx_word' id='word_1_138' title='bbox 665 1927 673 1960; x_wconf 74' lang='lat'><em>7</em></span> 
     </span>
    </p>

    <p class='ocr_par' dir='ltr' id='par_1_6' title="bbox 65 1965 1174 2319">
     <span class='ocr_line' id='line_1_20' title="bbox 65 1965 1134 2050; baseline 0 -20"><span class='ocrx_word' id='word_1_139' title='bbox 65 1981 99 2031; x_wconf 82' lang='lat'>20</span> <span class='ocrx_word' id='word_1_140' title='bbox 118 1967 255 2032; x_wconf 85' lang='lat' dir='ltr'>vincere.</span> <span class='ocrx_word' id='word_1_141' title='bbox 302 1968 451 2031; x_wconf 88' lang='lat' dir='ltr'>maerent</span> <span class='ocrx_word' id='word_1_142' title='bbox 478 1966 562 2031; x_wconf 88' lang='lat' dir='ltr'>aliae</span> <span class='ocrx_word' id='word_1_143' title='bbox 585 1966 733 2050; x_wconf 78' lang='lat' dir='ltr'>vocibus,</span> <span class='ocrx_word' id='word_1_144' title='bbox 761 1969 794 2031; x_wconf 85' lang='lat' dir='ltr'>et</span> <span class='ocrx_word' id='word_1_145' title='bbox 817 1987 891 2031; x_wconf 91' lang='lat' dir='ltr'>oum</span> <span class='ocrx_word' id='word_1_146' title='bbox 914 1965 1134 2032; x_wconf 78' lang='lat' dir='ltr'>acerbissimis</span> 
     </span>
     <span class='ocr_line' id='line_1_21' title="bbox 117 2053 1174 2140; baseline 0.001 -21"><span class='ocrx_word' id='word_1_147' title='bbox 117 2056 303 2140; x_wconf 90' lang='lat' dir='ltr'>planctibus</span> <span class='ocrx_word' id='word_1_148' title='bbox 333 2055 478 2122; x_wconf 88' lang='lat' dir='ltr'>efferunt.</span> <span class='ocrx_word' id='word_1_149' title='bbox 524 2057 559 2119; x_wconf 88' lang='lat' dir='ltr'>at</span> <span class='ocrx_word' id='word_1_150' title='bbox 586 2055 704 2139; x_wconf 85' lang='lat' dir='ltr'>quibus</span> <span class='ocrx_word' id='word_1_151' title='bbox 732 2053 895 2120; x_wconf 86' lang='lat' dir='ltr'>consolari</span> <span class='ocrx_word' id='word_1_152' title='bbox 923 2075 977 2120; x_wconf 88' lang='lat' dir='ltr'>eas</span> <span class='ocrx_word' id='word_1_153' title='bbox 1005 2054 1174 2121; x_wconf 77' lang='lat' dir='ltr'>enimuero</span> 
     </span>
     <span class='ocr_line' id='line_1_22' title="bbox 118 2143 1135 2229; baseline 0 -21"><span class='ocrx_word' id='word_1_154' title='bbox 118 2149 182 2228; x_wconf 80' lang='grc' dir='ltr'>ιιι,</span> <span class='ocrx_word' id='word_1_155' title='bbox 210 2166 301 2209; x_wconf 87' lang='lat' dir='ltr'>arma</span> <span class='ocrx_word' id='word_1_156' title='bbox 329 2164 472 2229; x_wconf 86' lang='lat' dir='ltr'>opesque</span> <span class='ocrx_word' id='word_1_157' title='bbox 500 2143 540 2207; x_wconf 89' lang='lat' dir='ltr'>ad</span> <span class='ocrx_word' id='word_1_158' title='bbox 567 2164 664 2228; x_wconf 85' lang='lat' dir='ltr'>rogos</span> <span class='ocrx_word' id='word_1_159' title='bbox 692 2143 855 2228; x_wconf 86' lang='lat' dir='ltr'>deferunt,</span> <span class='ocrx_word' id='word_1_160' title='bbox 883 2143 1070 2229; x_wconf 89' lang='lat' dir='ltr'>paratique,</span> <span class='ocrx_word' id='word_1_161' title='bbox 1097 2146 1135 2208; x_wconf 91' lang='grc' dir='ltr'>ιιι</span> 
     </span>
     <span class='ocr_line' id='line_1_23' title="bbox 119 2231 1134 2319; baseline 0.001 -24"><span class='ocrx_word' id='word_1_162' title='bbox 119 2231 284 2315; x_wconf 84' lang='lat' dir='ltr'>dictitant,</span> <span class='ocrx_word' id='word_1_163' title='bbox 312 2253 385 2296; x_wconf 91' lang='lat' dir='ltr'>oum</span> <span class='ocrx_word' id='word_1_164' title='bbox 411 2231 481 2296; x_wconf 86' lang='lat' dir='ltr'>fato</span> <span class='ocrx_word' id='word_1_165' title='bbox 447 2232 659 2316; x_wconf 87' lang='lat' dir='ltr'>tiacentis,</span> <span class='ocrx_word' id='word_1_166' title='bbox 687 2233 715 2298; x_wconf 89' lang='lat' dir='ltr'>si</span> <span class='ocrx_word' id='word_1_167' title='bbox 743 2232 870 2298; x_wconf 90' lang='lat' dir='ltr'>detur</span> <span class='ocrx_word' id='word_1_168' title='bbox 859 2254 895 2298; x_wconf 89' lang='lat' dir='ltr'>m</span> <span class='ocrx_word' id='word_1_169' title='bbox 923 2254 1054 2319; x_wconf 82' lang='lat' dir='ltr'>manua,</span> <span class='ocrx_word' id='word_1_170' title='bbox 1081 2233 1134 2298; x_wconf 86' lang='lat' dir='ltr'>vel</span> 
     </span>
    </p>
   </div>
   <div class='ocr_carea' id='block_1_3' title="bbox 65 2319 1174 2938">
    <p class='ocr_par' dir='ltr' id='par_1_7' title="bbox 65 2319 1174 2938">
     <span class='ocr_line' id='line_1_24' title="bbox 117 2319 1135 2407; baseline 0.004 -25"><span class='ocrx_word' id='word_1_171' title='bbox 117 2320 240 2404; x_wconf 85' lang='lat' dir='ltr'>pacisci</span> <span class='ocrx_word' id='word_1_172' title='bbox 266 2320 319 2384; x_wconf 85' lang='lat' dir='ltr'>vel</span> <span class='ocrx_word' id='word_1_173' title='bbox 346 2319 529 2403; x_wconf 87' lang='lat' dir='ltr'>decernere,</span> <span class='ocrx_word' id='word_1_174' title='bbox 560 2320 618 2385; x_wconf 93' lang='lat' dir='ltr'>ubi</span> <span class='ocrx_word' id='word_1_175' title='bbox 644 2341 704 2385; x_wconf 88' lang='lat' dir='ltr'>nec</span> <span class='ocrx_word' id='word_1_176' title='bbox 733 2342 862 2407; x_wconf 85' lang='lat' dir='ltr'>pugnae</span> <span class='ocrx_word' id='word_1_177' title='bbox 888 2342 949 2386; x_wconf 90' lang='lat' dir='ltr'>nec</span> <span class='ocrx_word' id='word_1_178' title='bbox 977 2320 1135 2406; x_wconf 88' lang='lat' dir='ltr'>pecuniae</span> 
     </span>
     <span class='ocr_line' id='line_1_25' title="bbox 65 2407 1134 2495; baseline 0.002 -23"><span class='ocrx_word' id='word_1_179' title='bbox 65 2423 99 2472; x_wconf 75' lang='grc' dir='ltr'>ιι</span> <span class='ocrx_word' id='word_1_180' title='bbox 120 2407 208 2473; x_wconf 86' lang='lat' dir='ltr'>locus</span> <span class='ocrx_word' id='word_1_181' title='bbox 241 2408 298 2493; x_wconf 90' lang='lat' dir='ltr'>sit,</span> <span class='ocrx_word' id='word_1_182' title='bbox 329 2428 392 2469; x_wconf 69' lang='lat' dir='ltr'>*a*</span> <span class='ocrx_word' id='word_1_183' title='bbox 419 2410 616 2493; x_wconf 86' lang='lat' dir='ltr'>manentque</span> <span class='ocrx_word' id='word_1_184' title='bbox 648 2409 795 2475; x_wconf 88' lang='lat' dir='ltr'>dominas</span> <span class='ocrx_word' id='word_1_185' title='bbox 827 2411 927 2495; x_wconf 91' lang='lat' dir='ltr'>proci.</span> <span class='ocrx_word' id='word_1_186' title='bbox 972 2413 1134 2495; x_wconf 88' lang='lat' dir='ltr'>nupturae</span> 
     </span>
     <span class='ocr_line' id='line_1_26' title="bbox 119 2497 1174 2583; baseline 0.001 -22"><span class='ocrx_word' id='word_1_187' title='bbox 119 2497 263 2582; x_wconf 81' lang='lat' dir='ltr'>virgines</span> <span class='ocrx_word' id='word_1_188' title='bbox 281 2517 348 2560; x_wconf 92' lang='lat' dir='ltr'>non</span> <span class='ocrx_word' id='word_1_189' title='bbox 367 2518 386 2560; x_wconf 87' lang='lat' dir='ltr'>a</span> <span class='ocrx_word' id='word_1_190' title='bbox 408 2497 648 2581; x_wconf 84' lang='lat' dir='ltr'>parentibus</span> <span class='ocrx_word' id='word_1_191' title='bbox 617 2498 734 2564; x_wconf 82' lang='lat' dir='ltr'>vrrist</span> <span class='ocrx_word' id='word_1_192' title='bbox 719 2499 853 2564; x_wconf 87' lang='lat' dir='ltr'>tradunt</span> <span class='ocrx_word' id='word_1_193' title='bbox 838 2502 902 2583; x_wconf 84' lang='lat' dir='ltr'>tur,</span> <span class='ocrx_word' id='word_1_194' title='bbox 926 2498 982 2564; x_wconf 88' lang='lat' dir='ltr'>sod</span> <span class='ocrx_word' id='word_1_195' title='bbox 1001 2498 1174 2583; x_wconf 68' lang='lat' dir='ltr'>publicone</span> 
     </span>
     <span class='ocr_line' id='line_1_27' title="bbox 121 2584 1134 2670; baseline 0.004 -22"><span class='ocrx_word' id='word_1_196' title='bbox 121 2589 178 2650; x_wconf 90' lang='lat' dir='ltr'>aut</span> <span class='ocrx_word' id='word_1_197' title='bbox 191 2586 341 2650; x_wconf 89' lang='lat' dir='ltr'>locantur</span> <span class='ocrx_word' id='word_1_198' title='bbox 354 2584 515 2650; x_wconf 84' lang='lat' dir='ltr'>ducendae</span> <span class='ocrx_word' id='word_1_199' title='bbox 531 2588 588 2651; x_wconf 88' lang='lat' dir='ltr'>aut</span> <span class='ocrx_word' id='word_1_200' title='bbox 600 2591 749 2653; x_wconf 86' lang='lat' dir='ltr'>veneunt.</span> <span class='ocrx_word' id='word_1_201' title='bbox 777 2592 888 2653; x_wconf 88' lang='lat' dir='ltr'>utrum</span> <span class='ocrx_word' id='word_1_202' title='bbox 901 2586 960 2653; x_wconf 88' lang='lat' dir='ltr'>fiat</span> <span class='ocrx_word' id='word_1_203' title='bbox 974 2609 1012 2652; x_wconf 86' lang='lat' dir='ltr'>ex</span> <span class='ocrx_word' id='word_1_204' title='bbox 1026 2586 1134 2670; x_wconf 89' lang='lat' dir='ltr'>specie</span> 
     </span>
     <span class='ocr_line' id='line_1_28' title="bbox 121 2673 1134 2778; baseline 0.004 -42.23"><span class='ocrx_word' id='word_1_205' title='bbox 121 2673 322 2738; x_wconf 88' lang='lat' dir='ltr'>etmoribua</span> <span class='ocrx_word' id='word_1_206' title='bbox 346 2694 443 2739; x_wconf 74' lang='lat' dir='ltr'>carna</span> <span class='ocrx_word' id='word_1_207' title='bbox 466 2677 525 2739; x_wconf 87' lang='lat' dir='ltr'>est.</span> <span class='ocrx_word' id='word_1_208' title='bbox 570 2675 693 2760; x_wconf 89' lang='lat' dir='ltr'>probae</span> <span class='ocrx_word' id='word_1_209' title='bbox 719 2675 979 2761; x_wconf 85' lang='lat' dir='ltr'>formosaeque</span> <span class='ocrx_word' id='word_1_210' title='bbox 968 2696 1004 2741; x_wconf 88' lang='lat' dir='ltr'>m</span> <span class='ocrx_word' id='word_1_211' title='bbox 1026 2675 1134 2778; x_wconf 79' lang='lat' dir='ltr'>pretio</span> 
     </span>
     <span class='ocr_line' id='line_1_29' title="bbox 122 2762 1136 2850; baseline 0.004 -25"><span class='ocrx_word' id='word_1_212' title='bbox 122 2765 210 2846; x_wconf 89' lang='lat' dir='ltr'>sunt,</span> <span class='ocrx_word' id='word_1_213' title='bbox 239 2766 361 2826; x_wconf 88' lang='lat' dir='ltr'>ceteras</span> <span class='ocrx_word' id='word_1_214' title='bbox 385 2763 441 2846; x_wconf 90' lang='lat' dir='ltr'>qui</span> <span class='ocrx_word' id='word_1_215' title='bbox 468 2762 613 2829; x_wconf 88' lang='lat' dir='ltr'>habeant</span> <span class='ocrx_word' id='word_1_216' title='bbox 640 2765 786 2830; x_wconf 87' lang='lat' dir='ltr'>mercede</span> <span class='ocrx_word' id='word_1_217' title='bbox 816 2767 1023 2850; x_wconf 89' lang='lat' dir='ltr'>quaeruntur</span> <span class='ocrx_word' id='word_1_218' title='bbox 1067 2764 1136 2829; x_wconf 83' lang='lat' dir='ltr'>vini</span> 
     </span>
     <span class='ocr_line' id='line_1_30' title="bbox 120 2850 1136 2938; baseline 0.004 -24"><span class='ocrx_word' id='word_1_219' title='bbox 120 2872 197 2915; x_wconf 88' lang='lat' dir='ltr'>naus</span> <span class='ocrx_word' id='word_1_220' title='bbox 225 2850 419 2934; x_wconf 88' lang='lat' dir='ltr'>quibusdam</span> <span class='ocrx_word' id='word_1_221' title='bbox 446 2851 580 2938; x_wconf 83' lang='lat' dir='ltr'>ignotus</span> <span class='ocrx_word' id='word_1_222' title='bbox 609 2856 671 2918; x_wconf 85' lang='lat' dir='ltr'>est:</span> <span class='ocrx_word' id='word_1_223' title='bbox 704 2853 912 2937; x_wconf 87' lang='lat' dir='ltr'>epulantibus</span> <span class='ocrx_word' id='word_1_224' title='bbox 938 2856 1052 2918; x_wconf 85' lang='lat' dir='ltr'>tamen</span> <span class='ocrx_word' id='word_1_225' title='bbox 1077 2852 1136 2918; x_wconf 88' lang='lat' dir='ltr'>ubi</span> 
     </span>
    </p>
   </div>
   <div class='ocr_carea' id='block_1_4' title="bbox 182 3075 1136 3274">
    <p class='ocr_par' dir='ltr' id='par_1_8' title="bbox 182 3075 1136 3258">
     <span class='ocr_line' id='line_1_31' title="bbox 193 3075 1136 3172; baseline 0.006 -6"><span class='ocrx_word' id='word_1_226' title='bbox 193 3120 215 3166; x_wconf 93' lang='lat'>1.</span> <span class='ocrx_word' id='word_1_227' title='bbox 235 3112 352 3168; x_wconf 88' lang='lat' dir='ltr'>adtollit</span> <span class='ocrx_word' id='word_1_228' title='bbox 365 3113 407 3167; x_wconf 89' lang='lat' dir='ltr'>A¹</span> <span class='ocrx_word' id='word_1_229' title='bbox 424 3075 533 3170; x_wconf 87' lang='lat' dir='ltr'>attollit</span> <span class='ocrx_word' id='word_1_230' title='bbox 546 3114 587 3169; x_wconf 78' lang='lat' dir='ltr'>A’</span> <span class='ocrx_word' id='word_1_231' title='bbox 645 3114 784 3170; x_wconf 89' lang='lat' dir='ltr'>haemona</span> <span class='ocrx_word' id='word_1_232' title='bbox 797 3117 826 3170; x_wconf 99' lang='lat' dir='ltr'><strong><em>A</em></strong></span> <span class='ocrx_word' id='word_1_233' title='bbox 844 3116 972 3172; x_wconf 88' lang='lat' dir='ltr'>Haemon</span> <span class='ocrx_word' id='word_1_234' title='bbox 988 3116 1136 3172; x_wconf 74' lang='lat' dir='ltr'>Borboros</span> 
     </span>
     <span class='ocr_line' id='line_1_32' title="bbox 182 3183 1136 3274; baseline 0.004 -39"><span class='ocrx_word' id='word_1_235' title='bbox 182 3183 338 3253; x_wconf 89' lang='lat' dir='ltr'>rhodopem</span> <span class='ocrx_word' id='word_1_236' title='bbox 355 3184 384 3237; x_wconf 95' lang='lat' dir='ltr'><strong><em>A</em></strong></span> <span class='ocrx_word' id='word_1_237' title='bbox 401 3185 593 3255; x_wconf 81' lang='lat' dir='ltr'>Rhodopeue</span> <span class='ocrx_word' id='word_1_238' title='bbox 661 3193 685 3241; x_wconf 77' lang='lat'>2.</span> <span class='ocrx_word' id='word_1_239' title='bbox 706 3187 812 3274; x_wconf 88' lang='lat' dir='ltr'>orpheo</span> <span class='ocrx_word' id='word_1_240' title='bbox 831 3189 860 3242; x_wconf 99' lang='lat' dir='ltr'><strong><em>A</em></strong></span> <span class='ocrx_word' id='word_1_241' title='bbox 922 3193 947 3242; x_wconf 85' lang='grc'>8.</span> <span class='ocrx_word' id='word_1_242' title='bbox 965 3186 1077 3258; x_wconf 86' lang='lat' dir='ltr'>perficit</span> <span class='ocrx_word' id='word_1_243' title='bbox 1094 3186 1136 3239; x_wconf 83' lang='lat' dir='ltr'>A²</span> 
     </span>
    </p>
   </div>
   <div class='ocr_carea' id='block_1_5' title="bbox 120 3272 1136 3542">
    <p class='ocr_par' dir='ltr' id='par_1_9' title="bbox 120 3272 1136 3542">
     <span class='ocr_line' id='line_1_33' title="bbox 120 3272 1136 3354; baseline 0.003 -28"><span class='ocrx_word' id='word_1_244' title='bbox 120 3286 188 3326; x_wconf 81' lang='lat' dir='ltr'>corr.</span> <span class='ocrx_word' id='word_1_245' title='bbox 254 3277 295 3328; x_wconf 82' lang='lat'>16.</span> <span class='ocrx_word' id='word_1_246' title='bbox 313 3273 454 3354; x_wconf 83' lang='lat' dir='ltr'>nuptae</span> <span class='ocrx_word' id='word_1_247' title='bbox 437 3272 478 3326; x_wconf 91' lang='lat' dir='ltr'>A¹</span> <span class='ocrx_word' id='word_1_248' title='bbox 496 3291 565 3330; x_wconf 81' lang='lat' dir='ltr'>corr.</span> <span class='ocrx_word' id='word_1_249' title='bbox 630 3280 672 3330; x_wconf 80' lang='lat'>19.</span> <span class='ocrx_word' id='word_1_250' title='bbox 691 3274 743 3329; x_wconf 89' lang='lat' dir='ltr'>alii</span> <span class='ocrx_word' id='word_1_251' title='bbox 760 3276 788 3330; x_wconf 92' lang='lat' dir='ltr'><strong><em>A</em></strong></span> <span class='ocrx_word' id='word_1_252' title='bbox 806 3276 914 3332; x_wconf 79' lang='lat' dir='ltr'>aliaeu</span> <span class='ocrx_word' id='word_1_253' title='bbox 978 3282 1020 3331; x_wconf 77' lang='lat'>20</span> <span class='ocrx_word' id='word_1_254' title='bbox 1040 3291 1089 3330; x_wconf 91' lang='lat' dir='ltr'>eos</span> <span class='ocrx_word' id='word_1_255' title='bbox 1107 3275 1136 3328; x_wconf 95' lang='lat' dir='ltr'><strong><em>A</em></strong></span> 
     </span>
     <span class='ocr_line' id='line_1_34' title="bbox 121 3343 1135 3415; baseline 0.006 -21"><span class='ocrx_word' id='word_1_256' title='bbox 121 3357 207 3396; x_wconf 83' lang='lat' dir='ltr'>eaeo</span> <span class='ocrx_word' id='word_1_257' title='bbox 282 3348 324 3397; x_wconf 77' lang='lat'>22</span> <span class='ocrx_word' id='word_1_258' title='bbox 348 3343 470 3397; x_wconf 89' lang='lat' dir='ltr'>mmanis</span> <span class='ocrx_word' id='word_1_259' title='bbox 492 3344 551 3398; x_wconf 92' lang='lat' dir='ltr'><strong><em>A</em></strong></span> <span class='ocrx_word' id='word_1_260' title='bbox 542 3363 572 3400; x_wconf 90' lang='lat' dir='ltr'>m</span> <span class='ocrx_word' id='word_1_261' title='bbox 594 3361 732 3403; x_wconf 85' lang='lat' dir='ltr'>manusc</span> <span class='ocrx_word' id='word_1_262' title='bbox 808 3355 850 3404; x_wconf 77' lang='lat'>24.</span> <span class='ocrx_word' id='word_1_263' title='bbox 876 3353 939 3402; x_wconf 82' lang='lat' dir='ltr'>onte</span> <span class='ocrx_word' id='word_1_264' title='bbox 963 3347 1135 3415; x_wconf 86' lang='lat' dir='ltr'>manentque</span> 
     </span>
     <span class='ocr_line' id='line_1_35' title="bbox 121 3412 1134 3542; baseline 0.007 -74"><span class='ocrx_word' id='word_1_265' title='bbox 121 3412 356 3540; x_wconf 50' lang='lat' dir='ltr'>&#39;W&#39;issmffgmj</span> <span class='ocrx_word' id='word_1_266' title='bbox 374 3413 548 3542; x_wconf 50' lang='grc' dir='ltr'>Ἠιι(ἱιοὲιιιιιοι</span> <span class='ocrx_word' id='word_1_267' title='bbox 570 3417 599 3470; x_wconf 95' lang='lat' dir='ltr'><strong><em>A</em></strong></span> <span class='ocrx_word' id='word_1_268' title='bbox 618 3416 745 3473; x_wconf 86' lang='lat' dir='ltr'>dominas</span> <span class='ocrx_word' id='word_1_269' title='bbox 767 3435 785 3473; x_wconf 86' lang='lat' dir='ltr'>o</span> <span class='ocrx_word' id='word_1_270' title='bbox 851 3420 990 3488; x_wconf 88' lang='lat' dir='ltr'>nupturae</span> <span class='ocrx_word' id='word_1_271' title='bbox 1005 3417 1045 3471; x_wconf 91' lang='lat' dir='ltr'>A¹</span> <span class='ocrx_word' id='word_1_272' title='bbox 1065 3433 1134 3474; x_wconf 84' lang='lat' dir='ltr'>corr.</span> 
     </span>
    </p>
   </div>
   <div class='ocr_carea' id='block_1_6' title="bbox 0 0 1204 3930">
    <p class='ocr_par' dir='ltr' id='par_1_10' title="bbox 0 0 1204 3930">
     <span class='ocr_line' id='line_1_36' title="bbox 0 0 1204 3930; baseline 0 0"><span class='ocrx_word' id='word_1_273' title='bbox 0 0 1204 3930; x_wconf 95' lang='lat' dir='ltr'> </span> 
     </span>
    </p>
   </div>
  </div>
 </body>
</html>
