2378 3930
125 217 147 277 4
474 213 652 269 POMPONII
670 213 797 270 affluas
818 208 835 237 '·

75 393 107 440 12
127 381 256 461 centur,
288 400 390 462 usque
425 378 466 442 ad
497 375 653 462 Caspium
684 378 791 442 sinum
824 377 1000 461 possident.
1055 379 1146 446 Indis

126 465 276 549 proxima
300 471 351 531 est
368 465 500 549 Ariane,
522 464 637 531 deinde
655 466 736 531 Aria
758 470 791 530 et
810 463 960 531 Cedrosis
985 472 1019 532 et
1037 467 1146 535 Persis

127 554 167 618 ad
192 555 298 620 sinum
321 554 487 621 Persicum
510 575 583 618 aas.
626 554 714 620 hunc
740 555 855 639 populi
876 554 1051 620 Persarum
1079 579 1146 622 am-

126 643 230 726 biunt,
252 644 348 708 illum
367 644 506 709 alterum
524 642 661 709 Arabes.
706 643 748 709 ab
770 643 822 708 his
841 643 927 728 quod
945 644 981 708 in
997 644 1146 712 Africam

126 735 231 796 restat
253 733 452 816 Aethiopum
476 736 534 797 est
579 732 650 806 illic
673 731 828 816 Caspiani
850 731 982 817 Scythis
1004 735 1185 818 proximi=⁶

128 821 233 886 sinum
253 819 409 905 Caspium
427 821 569 906 cingunt
614 821 703 886 ultra
720 820 902 886 Amazones
921 821 1072 907 ultraque
1090 845 1146 907 aas

75 926 107 976 13
127 909 331 994 Hyperborei
349 931 420 975 esse
437 913 669 975 memoramur.
705 910 865 975 interiora
882 914 1043 976 terrarum
1062 913 1145 978 mul-

126 1004 179 1063 tae
202 1000 376 1083 variaeque
405 1001 518 1084 gentes
541 998 706 1081 habitant,
734 998 877 1063 Candari
900 1002 933 1063 et
956 999 1090 1065 Pariani
1113 1004 1146 1066 et

125 1088 251 1173 Bactri,
283 1084 452 1172 Sugdiani,
484 1085 790 1171 Pharmacotrophi,
820 1085 1015 1172 Chomarae,
1042 1087 1146 1154 Choa-

127 1177 226 1260 mani,
248 1175 498 1260 Propanisadae,
521 1175 635 1240 Dahae
658 1197 755 1260 super
779 1173 915 1259 Scythas
933 1175 1186 1260 scytharum-<10

128 1285 190 1349 que
214 1264 353 1347 deserta,
376 1286 414 1330 ac
437 1285 533 1348 super
550 1262 707 1347 Caspium
730 1265 837 1329 sinum
859 1262 1000 1349 Comari,
1022 1264 1146 1332 Massa·

127 1356 237 1437 getae,
263 1351 397 1431 Cadusi,
425 1352 585 1438 Hyrcani,
611 1351 742 1434 Hiberi,
774 1374 871 1436 super
898 1353 1083 1420 Amazonas
1112 1359 1146 1420 et

125 1442 356 1526 Hyperboreos
389 1439 571 1525 Cimmerii,
607 1439 778 1526 Cissianti,
814 1440 954 1525 Achaei,
991 1442 1145 1529 Georgili,

126 1530 270 1615 Moschi,
288 1530 454 1614 Cercetae,
477 1530 658 1612 Phoristae,
681 1529 885 1614 Rimphaces,
909 1535 1008 1616 atque
1030 1532 1087 1596 ubi
1109 1534 1145 1597 in
1182 1540 1188 1552 ‘

126 1623 239 1684 nostra
262 1620 367 1685 maria
389 1621 514 1684 tractus
538 1618 663 1684 excedit
681 1617 828 1702 Matiani,
852 1619 1007 1685 Tibareni
1031 1625 1064 1684 et
1086 1635 1185 1686 no-15

127 1709 239 1773 tiora
230 1731 297 1773 ram
315 1708 446 1773 nomina
462 1706 551 1772 Medi
551 1705 733 1790 ,Armenii,
752 1705 972 1794 Commageni,
989 1708 1182 1794 Murrani,

126 1797 257 1882 Vegeti,
284 1794 506 1881 Cappadoces,
534 1757 752 1881 Callogracci,
780 1795 960 1882 Lycaones,
988 1797 1145 1884 Phryges,

77 1902 110 1951 14
129 1885 267 1969 Pisidae,
289 1885 402 1967 Isauri,
425 1882 519 1968 Lydi,
538 1881 743 1968 Syroeilices.
787 1907 900 1951 rursus
923 1908 963 1951 ex
985 1886 1037 1951 his
1061 1908 1145 1971 quae

127 1974 295 2040 meridiem
310 1936 459 2059 speciant
472 1995 527 2036 *a*
541 1972 734 2057 eaedemque
749 1978 862 2059 gentes
876 1975 1033 2041 interiora
1045 1975 1086 2040 lit
1071 1979 1145 2042 tora

126 2067 238 2130 tenent
264 2086 365 2148 usque
398 2062 439 2127 ad
471 2063 576 2127 sinum
603 2061 779 2132 Persicum.
828 2085 926 2147 super
953 2064 1040 2130 hunc
1067 2069 1184 2130 sunta

127 2153 242 2217 Parthi
270 2158 302 2216 et
324 2151 463 2235 Assyrii,
492 2172 588 2235 super
611 2151 706 2216 illum
733 2153 872 2218 alterum
893 2152 1084 2238 Babylonii,
1111 2157 1145 2218 et

129 2262 226 2324 super
248 2240 429 2323 Aethiopas
453 2239 619 2324 Aegyptii.
664 2239 745 2323 ripis
767 2239 837 2306 Nili
865 2241 970 2304 amnis
1000 2245 1033 2305 et
1061 2243 1145 2308 mari

129 2328 277 2411 proxima
298 2327 386 2392 idem
403 2327 563 2413 Aegyptii
585 2327 760 2412 possident.
806 2326 920 2393 deinde
944 2327 1067 2394 Arabia
1089 2353 1145 2394 an-

129 2421 226 2502 gusta
253 2416 361 2482 fronte
390 2416 558 2500 sequentia
587 2417 684 2482 litora
712 2415 864 2499 adtingit.
910 2416 952 2480 ab
980 2438 1019 2481 ea
1041 2440 1144 2503 usquc

129 2504 169 2570 ad
192 2506 309 2571 flexum
336 2505 428 2569 illum
445 2526 552 2590 ¹quem
576 2527 674 2589 supra
700 2504 887 2570 rettulimus
911 2502 1021 2589 Syria,
1049 2511 1082 2570 et
1108 2508 1145 2572 in
1158 2520 1186 2562 2⁵

127 2595 199 2677 ipso
227 2594 311 2659 flexu
339 2591 467 2676 Cilicia,
499 2597 591 2658 extra
618 2596 727 2658 autem
754 2592 855 2676 Lycia
882 2598 915 2659 et
941 2592 1144 2680 Pamphylia,

129 2680 239 2765 Caria,
266 2683 373 2765 Ionia,
400 2682 525 2766 Aeolis,
557 2682 658 2748 Troas
685 2702 788 2765 usque
816 2682 857 2745 ad
883 2681 1145 2767 Hellespontum.

128 2772 170 2834 ab
194 2792 232 2835 eo
259 2770 396 2855 Bithyni
424 2774 501 2836 sunt
528 2771 569 2835 ad
595 2768 770 2835 Thracium
798 2770 1012 2856 Bosphorum.
1058 2773 1144 2838 circa

128 2858 269 2924 Pontum
297 2860 422 2943 aliquot
448 2859 563 2944 populi
589 2858 656 2924 alio
684 2858 814 2942 alioque
844 2860 906 2925 fine
938 2882 1002 2925 uno
1031 2882 1142 2927 omnes

199 3004 225 3052 2
244 2996 353 3052 ariatne
371 2999 413 3052 A¹
431 2997 546 3052 ariadne
565 2996 606 3052 A*
624 2995 728 3052 Ariane
746 2998 893 3054 Barbarus
964 3006 989 3054 3.
1013 2999 1144 3054 1555555555

99 3085 177 3137 ·osp
149 3067 349 3123 ostPersicum
366 3071 503 3124 iudicauit
519 3068 646 3124 Bursian
714 3074 738 3123 5.
759 3069 851 3136 scythi
869 3069 897 3122 A
973 3076 998 3124 9.
1017 3069 1143 3123 subsiani

131 3139 159 3192 A
175 3138 233 3208 Sug
233 3138 310 3192 diani
328 3140 439 3195 Vossius
494 3146 537 3197 10
555 3155 675 3222 ropanes
695 3142 721 3192 A
736 3138 942 3210 Propanisadae
961 3141 1089 3196 Bursian

131 3216 181 3264 13.-
193 3209 260 3263 cissi
276 3208 425 3263 anthiocae
444 3210 472 3262 A
491 3209 634 3280 Cissianti,
652 3209 758 3265 Achaei
776 3211 887 3267 Vossius
959 3211 1142 3266 laceratae

129 3280 158 3334 A
173 3279 304 3336 Cercetae
319 3281 473 3336 Pincianus
547 3287 587 3336 15.
606 3252 677 3334 niati
694 3281 854 3337 antibarani
871 3281 899 3334 A
912 3280 1039 3350 Matiani,
1059 3281 1142 3337 'Pi-ba

130 3368 191 3404 ram
183 3350 371 3407 Reiuotducs
425 3358 467 3406 lo.
482 3352 652 3423 armenislA
666 3353 733 3420 (fact
745 3351 766 3423 1)
822 3359 863 3408 19.
877 3354 1014 3408 5505555115
1031 3325 1144 3408 desim

130 3422 253 3478 Arabico
266 3423 342 3478 dicta
354 3423 554 3478 mariaeerat
611 3429 654 3477 22.
669 3423 808 3506 aegyptis]
819 3423 848 3477 A
915 3429 957 3478 23.
970 3423 1099 3493 proximo
1114 3424 1143 3478 A

203 3499 245 3549 28.
264 3492 369 3549 bithini
387 3493 428 3548 A*
447 3492 560 3562 bithyni
577 3492 619 3547 A*
690 3500 733 3549 29
752 3495 810 3549 aha
828 3494 868 3548 A¹
887 3493 943 3548 alio
962 3494 1003 3549 A*
1123 3528 1130 3538 .
