2378 3930
113 219 156 286 56
444 176 781 276 ’1111111111111111

114 386 148 446 et
175 381 304 467 magnis
337 381 482 446 aestibus
511 380 688 463 concitum,
720 379 768 445 ita
800 379 887 444 enim
918 384 1027 446 motus
1059 381 1128 446 eius

115 469 295 554 appellant,
320 469 415 534 modo
439 469 577 534 inundat
599 489 731 552 campos
755 468 852 533 modo
875 468 942 533 late
963 469 1068 534 nudat
1091 491 1129 535 ac

114 559 249 643 refugit,
280 580 346 624 non
374 557 457 623 alios
485 557 630 641 aliosque
658 557 693 622 in
724 557 828 621 vicem
860 577 963 642 neque
996 558 1129 622 alternis

116 647 299 712 accessibus
331 667 417 710 nunc
449 646 483 710 in
514 645 574 711 hos
607 666 694 711 nuno
724 645 759 710 in
790 645 863 710 illos
900 650 972 711 toto
1004 646 1130 730 impetn

115 757 254 819 versum,
277 734 334 800 sed
356 734 415 799 ubi
433 734 467 798 in
486 734 596 799 omnia
615 734 722 816 litora,
744 733 891 816 quamvis
908 734 1038 799 diversa
1055 735 1155 820 sint,·a

115 829 276 888 terrarum
300 823 542 907 insularumque
570 844 608 886 ex
631 821 737 886 medio
763 823 887 905 pariter
909 822 1045 887 effirsum
1072 827 1132 905 est,

114 934 226 976 rursus
251 912 291 976 ab
311 911 376 975 illis
396 910 564 995 colligitur
581 911 616 975 in
633 910 775 975 medium
799 913 832 974 et
849 911 885 974 in
902 915 1005 976 semet
1022 912 1131 995 ipsum

115 1001 209 1083 redit,
227 1000 368 1065 tentavi
391 1020 517 1082 semper
536 998 707 1063 inmissum
720 1002 758 1063 ut
771 1001 866 1063 vasta
884 999 983 1063 etiam
997 999 1132 1064 flumina

76 1142 78 1147 ,
115 1093 202 1152 11111
227 1093 316 1172 agat,
339 1090 372 1152 et
396 1091 452 1151 aut
474 1087 645 1152 terrestria
662 1086 883 1170 deprehendat
900 1088 1056 1153 animalia
1074 1091 1132 1153 aut

80 1176 241 1240 amerina
274 1175 439 1240 destituat.
494 1196 598 1260 neque
632 1175 737 1240 adhuc
769 1175 848 1240 satis
882 1175 1048 1260 cognitum
1081 1179 1133 1242 est
1145 1194 1170 1234 1o

117 1264 302 1328 anhelitune
330 1263 364 1327 id
388 1284 446 1328 suo
469 1263 607 1328 mundus
631 1263 764 1344 efficiat,
792 1267 1030 1348 retractamque
1058 1285 1131 1329 oum

117 1351 235 1434 spiritu
257 1355 389 1436 regerat
411 1351 530 1417 undam
550 1351 700 1436 undique,
723 1352 761 1436 si,
786 1356 823 1416 ut
841 1351 1040 1418 doctioribus
1062 1353 1132 1435 pla·

115 1444 180 1524 oet,
207 1462 308 1504 unum
332 1440 455 1504 animal
478 1443 541 1524 est,
569 1462 611 1505 an
634 1440 700 1505 sint
723 1440 867 1524 depressi
890 1441 991 1525 aliqui
1015 1462 1131 1525 specus

116 1551 179 1612 quo
202 1529 405 1613 reciprocata
428 1529 531 1593 maria
553 1523 708 1613 residant,
733 1532 830 1613 atque
853 1528 938 1594 unde
961 1550 996 1594 se
1018 1551 1131 1594 rursus

116 1617 327 1682 exuberantia
349 1617 518 1701 adtollant,
541 1639 584 1681 an
606 1617 685 1681 luna
707 1638 821 1682 canses
844 1617 946 1682 tantis
968 1617 1131 1682 meatibus
1145 1635 1171 1677 1⁶

114 1706 279 1789 praebeat.
330 1709 364 1770 at
395 1709 486 1770 ortus
514 1708 600 1770 certe
632 1705 701 1770 eius
734 1726 932 1790 occasusque
964 1705 1133 1771 variantur

114 1815 218 1878 neque
246 1794 358 1859 eodem
385 1792 517 1859 adsidue
544 1797 705 1878 tempore,
732 1793 789 1858 sed
816 1796 853 1858 ut
878 1793 939 1858 illa
966 1794 1072 1879 surgit
1095 1815 1132 1859 ac

115 1881 313 1967 demergitur
340 1882 389 1947 ita
410 1881 561 1946 recedere
589 1884 686 1966 atque
714 1881 890 1947 adventare
918 1883 1132 1966 conperimus.

81 1986 96 2034 3
116 1969 179 2035 hue
202 1991 349 2056 egressos
374 1974 610 2055 sequentesque
634 1991 673 2035 ea
695 1991 777 2054 quae
805 1970 995 2036 exeuntibus
1019 1971 1133 2036 dextra

116 2062 192 2123 sunt
211 2081 332 2144 aequor
345 2058 548 2124 Atlanticum
568 2062 601 2124 et
619 2080 677 2124 ora
694 2056 848 2124 Baeticae
866 2058 983 2124 frontis
1002 2058 1132 2143 excipit,
1146 2078 1173 2118 so

115 2168 197 2230 quae
224 2148 289 2212 nisi
318 2146 403 2231 quod
431 2147 532 2212 semel
558 2147 741 2231 iterumque
768 2146 936 2230 paululum
968 2147 1003 2211 in
1031 2152 1133 2212 semet

116 2234 288 2299 abducitur
313 2257 416 2320 usque
444 2235 485 2300 ad
515 2235 650 2301 fluvium
677 2236 785 2299 Anam
817 2256 919 2318 paene
950 2238 1041 2300 reeta
1073 2242 1131 2300 est.

81 2338 99 2385 4
118 2320 254 2387 Turduli
278 2326 310 2388 et
332 2322 462 2388 Bastuli
484 2322 645 2388 habitant.
690 2323 726 2387 in
748 2324 896 2406 proximo
923 2324 995 2388 sinu
1017 2327 1132 2407 portus

118 2414 167 2473 est
195 2432 289 2494 quem
319 2410 529 2495 Gaditanum,
561 2414 594 2476 et
620 2410 712 2475 lucus
741 2433 837 2495 quem
865 2410 1050 2477 Oleastrum
1077 2413 1131 2477 ad·

115 2499 255 2581 pellant,
286 2503 357 2565 tum
385 2499 553 2565 castellum
579 2497 694 2564 Ebora
720 2499 756 2563 in
782 2500 878 2564 litore
906 2504 940 2565 et
965 2501 1079 2583 procul
1112 2519 1173 2565 aro

115 2585 211 2650 litore
234 2586 342 2653 Hasta
364 2588 502 2653 colonia.
548 2591 639 2652 extra
665 2586 798 2653 Iunonis
827 2610 884 2653 ara
911 2589 1132 2674 templumque

115 2677 178 2757 cst,
213 2675 249 2739 in
283 2677 356 2759 ipso
393 2675 476 2741 mari
511 2680 756 2742 monumentum
789 2673 962 2760 Caepionis
1000 2677 1131 2762 scopulo

79 2762 220 2847 omagis
249 2785 346 2848 quam
374 2765 501 2829 insulae
528 2764 728 2848 impositum.
773 2762 886 2831 Baetis
914 2787 953 2831 ex
976 2764 1132 2831 Tarraco·

114 2851 207 2915 nensi
238 2852 372 2936 regione
404 2852 563 2917 demissus
595 2875 653 2936 per
684 2852 770 2918 hanc
800 2853 869 2918 fere
900 2854 1040 2919 mediam
1077 2854 1132 2918 diu

114 2938 198 3003 sicut
219 2939 365 3004 nascitur
387 2962 452 3006 uno
475 2962 570 3006 amne
593 2941 744 3024 decurrit,
766 2945 843 3025 post
865 2943 922 3007 ubi
944 2963 1012 3007 non
1033 2942 1174 3029 longam

186 3136 209 3186 1.
229 3127 254 3182 it
270 3127 380 3198 magnis
400 3130 429 3184 A
448 3131 477 3184 et
495 3129 640 3200 magniso
713 3138 738 3188 1.
757 3131 904 3202 adpellant
921 3133 965 3187 A¹
984 3131 1132 3202 appellant

112 3197 154 3255 A'
209 3205 250 3254 14.
270 3199 362 3254 undae
378 3201 409 3254 A
427 3200 501 3255 unde
519 3219 541 3256 a
601 3207 642 3258 11.
663 3201 1077 3258 111111111111111111111112

115 3277 155 3325 16.
175 3272 207 3323 at
224 3272 303 3325 ortus
321 3272 361 3326 eie
379 3271 407 3324 A
480 3279 521 3326 17.
541 3271 659 3327 adsidue
677 3275 718 3328 A¹
737 3273 849 3328 assidue
863 3273 904 3330 A’
976 3280 1019 3329 18.
1038 3273 1132 3343 adque

113 3342 141 3394 A
196 3339 372 3410 conperimus
386 3342 427 3396 A¹
443 3342 628 3413 comperimus
641 3343 683 3398 A’
738 3351 779 3400 19.
799 3361 928 3415 egressus
941 3345 984 3399 A¹
1002 3361 1132 3414 egressos

112 3410 153 3465 A*
225 3417 268 3467 24.
289 3411 497 3495 253adpellant
515 3414 556 3466 A¹
574 3414 723 3495 appellant
735 3414 777 3470 A¹
837 3421 879 3472 25.
898 3414 982 3469 litore
1000 3416 1042 3470 A¹
1060 3431 1130 3472 corr.

185 3488 228 3538 2⁷.
248 3497 410 3553 caeoproms
428 3484 468 3539 A¹
488 3483 632 3554 caepioms
651 3485 692 3539 A¹
765 3492 807 3541 28.
827 3493 869 3541 19.
888 3485 1080 3541 terraconensi
1102 3488 1131 3542 A
