2378 3930
345 208 526 267 CHOROGR.
544 210 585 265 111
602 217 628 267 a.
648 217 664 267 a
684 213 812 280 (ra-ar)
1046 209 1087 275 61

63 377 177 439 tarrae
201 374 420 455 procurrentis
446 373 481 439 in
503 374 639 458 pelagus
663 377 696 438 ct
724 396 782 438 ora
804 371 1011 439 Cantabricis
1035 373 1089 438 ad·

67 483 166 527 versa
189 461 355 544 litoribus,
383 460 456 527 aliis
479 462 608 547 populis
632 462 739 528 media
763 462 831 526 eius
854 461 1090 547 habitantibus,

68 551 110 615 ab
130 548 288 615 Santonis
311 549 351 614 ad
370 548 532 616 Ossismos
555 573 656 635 usque
679 550 811 615 deflexa.
857 551 982 616 abillis
1002 551 1089 616 anim

68 639 191 705 iterum
217 638 259 705 ad
287 639 526 724 septentriones
556 638 647 705 frons
674 639 810 705 litorum
841 639 989 723 respicit,
1019 661 1090 724 per·

41 727 220 812 stinetqua
243 727 285 792 ad
306 727 441 794 ultimos
461 725 662 793 Gallicarum
684 727 830 813 gentium
853 725 1008 809 Morinos,
1031 749 1090 794 nec

70 819 171 900 portu
190 838 288 901 quem
301 815 511 882 Gesoriacum
529 821 648 883 vocant
662 816 839 900 quidquam
856 815 967 880 notius
981 815 1091 881 habet.

69 904 206 973 Rhenus
234 903 375 990 Alpibus
403 905 552 971 decidens
579 927 681 989 prope
710 927 729 969 a
757 905 863 987 capite
892 903 973 968 duos
1000 903 1090 969 lacus
1109 921 1144 970 21

72 993 176 1060 efficit
206 992 371 1060 Venatum
402 998 436 1059 et
467 992 642 1058 Acronum.
697 1013 773 1058 mox
808 993 863 1058 diu
897 991 1019 1057 solidus
1058 996 1091 1057 et

72 1087 161 1149 certo
191 1083 284 1149 alveo
312 1083 424 1168 lapsus
451 1082 539 1146 haud
566 1083 680 1166 procul
706 1103 727 1146 a
752 1082 837 1146 mari
863 1080 928 1145 huc
953 1084 985 1146 et
1012 1081 1091 1145 illuc

36 1171 293 1256 rodispergitur,
330 1170 386 1235 scd
419 1171 460 1235 ad
497 1170 663 1235 sinistram
700 1170 805 1234 amnis
843 1170 1022 1235 etiamnum
1059 1172 1092 1234 et

72 1261 178 1326 donec
201 1259 313 1325 effluat
335 1258 484 1342 Rhenus,
511 1259 552 1324 ad
574 1258 722 1324 dextram
744 1259 851 1342 primo
877 1261 1035 1342 angustus
1059 1260 1092 1322 et

72 1347 124 1413 sui
147 1348 281 1431 similis,
302 1351 379 1431 post
400 1347 483 1430 ripis
504 1347 603 1431 longe
626 1370 664 1412 ac
685 1346 753 1412 lata
776 1346 1000 1413 recedentibus
1023 1346 1091 1411 iam

70 1457 139 1501 non
176 1437 281 1502 amnis
314 1435 370 1502 sed
407 1436 521 1521 ingens
553 1437 644 1501 lacus
680 1436 738 1501 ubi
774 1457 905 1519 campos
942 1435 1092 1518 implevit

71 1523 173 1590 Fleuo
197 1524 329 1608 dicitur,
357 1524 565 1613 eiusdemque
586 1525 729 1591 nominis
756 1524 899 1588 insulam
923 1523 1091 1606 amplexus

35 1613 113 1678 ufir
135 1613 256 1678 iterum
280 1613 382 1678 artior
405 1613 587 1697 iterumque
609 1613 728 1679 fluvius
752 1613 921 1678 emittitur.

163 1699 341 1766 Germania
375 1701 452 1766 hinc
484 1702 565 1784 ripis
602 1703 670 1766 cius
707 1723 808 1785 usque
845 1701 886 1766 ad
918 1698 1036 1784 Alpes,
1073 1679 1144 1804 ag,

72 1789 211 1855 meridie
237 1789 319 1874 ipsis
341 1789 497 1874 Alpibus,
524 1789 565 1854 ab
594 1791 719 1855 criente
743 1789 995 1854 Sarmaticarum
1018 1809 1091 1853 con-

71 1878 154 1944 finio
169 1879 325 1965 gentium,
344 1900 408 1963 qua
422 1878 677 1962 septentrionem
691 1882 816 1962 spectat
830 1877 982 1942 cccanico
996 1876 1092 1940 litore

72 1967 218 2034 obducta
235 1971 295 2033 est.
337 1967 393 2052 qui
410 1965 564 2032 habitant
586 1968 743 2033 immanes
763 1969 839 2030 sunt
858 1964 975 2030 animis
996 1968 1093 2047 atquc
1112 1979 1147 2028 aa

34 2055 285 2141 acorporibus,
321 2061 355 2121 et
386 2055 426 2120 ad
458 2055 593 2120 insitam
628 2054 792 2119 feritatem
828 2055 920 2117 vaste
956 2054 1094 2134 utraque

73 2148 242 2228 exercent,
273 2144 426 2210 bellando
458 2143 599 2227 animos,
636 2163 773 2225 corpora
805 2139 1017 2206 adsuetudine
1049 2140 1094 2204 la·

72 2233 195 2298 borum
214 2232 355 2298 maxime
371 2232 513 2317 frigoris.
545 2231 624 2296 nudi
643 2233 744 2316 agunt
763 2233 938 2314 antequam
955 2229 1095 2312 puberes

27 2292 49 2417 l
74 2321 159 2407 sint,
187 2325 222 2387 ct
242 2321 436 2407 longissima
463 2320 548 2405 apud
571 2341 627 2385 eos
650 2320 791 2403 pueritia
818 2323 877 2385 est.
921 2318 984 2383 uiri
1007 2317 1095 2403 sagis

74 2409 229 2476 velantur
260 2414 317 2475 aut
348 2409 442 2474 libris
473 2409 640 2491 arborum,
672 2408 819 2491 quamvis
852 2428 949 2473 saeva
979 2405 1096 2471 hicme.

36 2499 178 2564 sonandi
200 2519 267 2564 non
289 2497 449 2582 patientia
475 2499 605 2562 tantum
631 2496 712 2579 illis,
740 2496 881 2560 studium
908 2495 1009 2560 etiam
1036 2498 1096 2558 est.
1115 2510 1148 2558 27

74 2587 264 2653 bellacum
286 2586 435 2652 finitimis
458 2588 588 2669 gerunt,
617 2606 731 2649 causas
755 2605 868 2649 eorum
896 2605 935 2648 ex
960 2582 1095 2648 libidine

76 2679 263 2760 arcessunt,
288 2696 392 2760 neque
415 2673 613 2758 inperitandi
639 2671 888 2756 prolatandique
916 2692 997 2754 quae
1022 2692 1094 2754 pos·

77 2763 198 2849 sident,
218 2785 295 2829 nam
318 2784 358 2828 ne
381 2762 441 2828 illa
463 2761 593 2846 quidem
616 2761 709 2826 enixe
728 2760 848 2843 colunt,
872 2760 928 2824 sed
951 2762 988 2824 ut
1012 2759 1098 2824 circa

152 2927 178 2975 2.
197 2918 262 2974 altis
281 2920 309 2974 A
327 2917 428 2974 aliisu
500 2925 526 2972 3.
545 2916 724 2988 ossimossA¹
740 2915 872 2971 ossismos
886 2915 928 2970 A¹
1001 2921 1027 2971 4.
1041 2913 1098 2969 fros

79 2991 122 3047 A¹
144 2989 222 3046 frons
246 2988 287 3045 A'
368 2995 393 3043 4.
418 2995 443 3045 5.
465 2987 664 3058 pertineutque
688 2988 717 3042 A
798 2995 823 3042 6.
847 2985 1032 3041 osoriciacum
1057 2984 1099 3040 A¹

78 3060 286 3134 &conciacum
299 3059 341 3115 ΑΞ
355 3058 536 3115 Gesoriacum
549 3077 569 3114 a
619 3057 772 3127 quidquam
785 3057 827 3111 A¹
845 3057 996 3127 quicquam
1009 3055 1050 3111 A'

79 3141 106 3189 9.
129 3133 228 3204 lapsus
245 3131 288 3187 A¹
306 3148 375 3188 corr.
430 3130 506 3184 haud
525 3129 565 3185 A¹
584 3146 654 3186 corr.
728 3135 770 3183 10.
790 3127 934 3183 sinistrum
956 3129 984 3183 A
1058 3133 1099 3184 15.

80 3203 176 3259 fluviis
195 3203 223 3257 A
241 3201 343 3258 fluvius
361 3219 382 3257 a
437 3199 671 3272 1‘1.orienteJsA
725 3198 924 3254 armaticarum
936 3199 979 3253 A¹
998 3215 1100 3253 sar-ma

79 3275 202 3330 tioarum
214 3273 256 3329 ΑΒ
312 3280 353 3330 18.
369 3290 423 3342 que
436 3272 478 3327 A¹
496 3288 552 3340 qua
565 3270 607 3324 A⁸
661 3269 793 3325 oceauico
808 3269 849 3325 A·
867 3273 986 3352 exemtis
1004 3271 1101 3326 litteris

83 3361 117 3400 cc
136 3347 169 3401 iu
187 3345 278 3415 spatio
295 3360 382 3401 vocuo
454 3348 498 3397 21.
517 3341 710 3396 adsuetudinis
729 3341 974 3396 A¹adsuetud1ne
993 3340 1033 3396 A²

83 3422 126 3472 21.
146 3422 189 3471 22.
208 3415 336 3470 labomm
354 3414 396 3470 A¹
414 3429 483 3470 corr.
557 3419 600 3468 22.
618 3410 740 3486 frigoris]
751 3412 793 3466 A¹
810 3411 915 3482 frigora
928 3412 970 3467 A¹
988 3409 1100 3480 frigoris

82 3503 104 3542 x
175 3492 218 3542 23.
238 3486 313 3559 virili
329 3485 358 3539 A
429 3490 473 3540 2‘1.
491 3482 664 3554 inperitandi
685 3484 727 3538 A¹
750 3482 933 3554 imperitandi
950 3481 991 3537 A²
