2378 3930
415 197 609 243 sosrrrosns
630 197 789 242 nomos.
937 160 941 167 Ι
1017 180 1060 247 43

145 336 240 394 cienda
260 344 326 393 sunt
345 352 360 392 e
380 335 476 393 Graeci
500 334 644 410 scriptoris
663 334 754 393 verbis
775 352 790 392 a
809 335 889 394 Calvo
911 340 1059 413 expressis,

145 421 226 479 modo
242 438 276 477 nc
293 421 357 494 quid
373 420 479 477 aCalvo
492 422 520 476 in
535 421 585 478 hac
601 437 631 477 re
645 420 852 495 impeditissima
866 431 985 479 erratum
1000 438 1059 480 esse

146 506 325 581 suspicemur.
357 505 470 580 Reliqua
493 514 583 562 autem
605 520 673 579 quae
694 522 777 580 supra
793 521 826 561 ex
840 504 912 563 Calvi
928 507 1060 581 interpre-

145 593 249 647 tatione
275 591 420 664 exscripsi:
447 607 532 663 quam
558 595 633 647 enim
659 595 906 663 comparationem
931 600 1001 664 cet,
1027 608 1059 650 ea

145 683 208 750 apta
222 678 328 732 ratione
344 674 478 748 explicare
495 692 550 732 nou
567 691 689 750 possum.

206 761 326 834 Denique
342 759 461 817 Graecus
479 761 599 834 scriptor
616 776 697 834 quem
711 759 806 817 Calvus
823 768 935 818 secutus
954 768 997 817 est
1013 760 1059 817 ad·

145 845 212 901 didit
226 853 307 902 notas
323 845 476 918 ponderum
491 861 523 902 ac
537 861 734 902 mensurarum.
766 844 815 902 llic
826 851 939 919 apparet
950 844 1059 903 Calvum

144 932 273 1004 proprios
292 937 419 986 notarum
435 930 544 1002 ductus,
563 946 634 1004 quos
648 931 676 987 in
691 928 792 986 Graeco
808 929 879 985 libro
895 931 1007 1002 invenit,
1024 946 1058 987 ne

144 1016 206 1070 novi
221 1016 279 1089 typi
298 1015 324 1069 in
344 1013 453 1072 cilicina
466 1014 581 1071 iaciendi
596 1022 699 1086 essent,
716 1013 843 1070 exhibere
857 1012 990 1086 noluisse,
1005 1030 1057 1087 pro

144 1100 186 1155 his
204 1107 293 1155 autem
309 1101 409 1172 primas
425 1099 530 1156 litteras
545 1101 678 1175 cuiusque
697 1097 821 1155 vocabuli
836 1099 972 1172 posuisse.
1006 1098 1057 1155 Sed

144 1183 171 1239 in
192 1182 262 1239 libro
285 1183 333 1240 illo
356 1182 457 1241 Graeco
478 1184 536 1240 siue
557 1183 640 1240 dubio
662 1182 763 1240 similes
787 1190 869 1240 notae
890 1183 1001 1240 luerunt
1022 1184 1057 1240 iis

144 1286 211 1342 quas
236 1270 263 1324 in
287 1269 380 1342 priore
400 1268 537 1326 volumine
558 1269 660 1343 passim
685 1267 833 1340 edidimus,
859 1274 886 1323 et
905 1268 939 1325 de
962 1266 1057 1325 talenti

142 1360 206 1408 nota
226 1352 322 1410 conicr
337 1352 496 1429 salmasium
512 1370 595 1428 supra
610 1370 625 1408 a
640 1352 719 1409 nobis
734 1352 847 1410 citatum
865 1351 885 1424 (l
902 1370 930 1427 p.
946 1353 998 1424 81,
1014 1350 1055 1425 V).

388 1519 427 1568 De
446 1525 576 1583 apparata
593 1520 669 1569 Petri
685 1520 810 1570 Danielis.

204 1626 258 1681 lam
273 1640 333 1681 curn
351 1623 383 1679 ad
398 1622 499 1681 calcem
514 1624 596 1681 huius
610 1623 788 1696 praelationis
803 1623 988 1697 pervenerim,
1014 1610 1122 1679 re·124

142 1718 197 1767 stat
218 1718 249 1766 ut
264 1726 296 1764 ex
314 1707 413 1764 litteris
431 1726 498 1781 quas
513 1716 642 1782 prompto
666 1724 697 1763 ac
711 1707 843 1764 benevolo
859 1708 950 1764 studio
966 1708 999 1764 ad
1013 1724 1055 1764 mc

142 1795 215 1853 dedit
236 1794 265 1850 ll.
287 1793 424 1848 Usencrus
449 1793 599 1850 describam
627 1800 787 1866 apparatum
807 1792 880 1849 Petri
901 1787 1055 1864 Danielis¹),

141 1881 188 1954 qui
204 1880 305 1935 Bernac
327 1886 451 1934 servatur
472 1875 542 1949 (cod.
561 1876 621 1934 189
643 1878 670 1931 in
691 1875 760 1947 iol).
795 1876 925 1932 Nimirum
948 1880 988 1932 vir
1009 1877 1055 1933 illc

140 1966 238 2021 ‹loctus
257 1961 401 2019 consilium
420 1970 529 2035 ceperat
544 1961 693 2034 scriptores
708 1960 741 2015 de
757 1960 892 2015 mensuris
908 1977 938 2015 ac
954 1960 1056 2033 ponde·

141 2049 217 2104 ribus
241 2048 354 2117 edendi,
380 2046 520 2119 multaque
543 2061 612 2119 quae
633 2044 665 2101 ad
687 2045 860 2117 propositum
886 2044 1056 2117 pertinerent

140 2131 298 2205 collegerat.
329 2130 373 2187 Sic
387 2131 489 2187 exstitit
504 2137 650 2205 apparatus
666 2145 747 2184 manu
764 2131 898 2202 scriptus,
918 2145 972 2201 quo
988 2128 1054 2186 haec

142 2217 332 2273 continentur:
945 2210 950 2221 '

202 2300 222 2358 l.
242 2301 436 2374 Apographum
459 2300 560 2357 codicis
583 2297 728 2355 Beruensis
747 2298 769 2352 Α
784 2296 824 2354 57
841 2312 912 2353 saec.
926 2297 948 2353 X
964 2294 1054 2368 (lorm.

141 2383 258 2459 quadr).
293 2384 421 2441 Continet
443 2386 485 2441 uic
507 2384 577 2440 iiber
601 2381 751 2439 loliis-XVI
771 2390 890 2438 veterem
911 2380 1055 2455 Epiphanii

140 2471 293 2526 versionem
313 2470 367 2527 hoc
389 2469 485 2526 titulo:
509 2468 626 2525 lNClPil'
647 2465 786 2523 EPll'lel
806 2458 811 2545 1
830 2466 882 2521 ΕΡΙ
903 2465 1055 2522 CYPlllAil'l

141 2554 280 2611 CIROTUS
300 2547 305 2633 Ι
324 2554 364 2609 DE
385 2554 437 2611 HIS
454 2552 542 2622 Quas
558 2553 591 2610 ΙΝ
605 2551 712 2608 illUlNA
732 2549 825 2607 SCRlP
845 2550 849 2624 Ι
869 2549 1054 2606 ruossano

139 2637 300 2695 lIENSURlS
322 2637 398 2707 ATQ.
423 2636 632 2695 nouaculam.
658 2629 663 2714 Ι
688 2635 964 2690 ΛΑΝΔΕΦΡΗΔΟΕ.
992 2629 998 2712 Ι
1023 2635 1057 2690 Si

140 2730 204 2796 qais
219 2726 282 2780 uolt
297 2739 395 2779 eoram
412 2733 463 2780 cet.
502 2723 626 2779 Extrema
643 2728 707 2776 sunt
726 2719 873 2775 Talentum
891 2735 981 2791 snper
995 2736 1055 2776 om-

139 2814 192 2865 nio
211 2809 346 2880 pondera
368 2808 470 2880 quidus
494 2809 556 2863 alia
577 2805 784 2878 appendantur
806 2804 936 2861 excellet.
973 2804 1055 2861 Addit

138 2893 274 2950 Useucrus
296 2893 347 2948 lros
371 2893 440 2948 duos
464 2891 655 2966 quaterniones
677 2888 761 2944 videri
783 2889 895 2944 maioris
914 2889 1054 2946 cuiusdam

139 2978 239 3034 codicis
256 2976 384 3050 reliquias
400 2992 471 3047 esse,
487 2976 641 3050 posteriore
657 2974 764 3029 demum
780 2982 904 3047 tempore
920 2974 947 3029 iu
961 2976 1054 3047 singu·

138 3226 329 3278 vetustissime
346 3225 442 3276 tabula
459 3223 619 3275 medicinali
638 3221 683 3286 (fr.
702 3224 746 3282 29,
759 3226 784 3287 5,
802 3223 870 3289 prol.
890 3224 903 3273 1
920 3240 947 3288 p.
967 3226 999 3274 69
1018 3223 1051 3288 s.)

139 3300 203 3346 octo
226 3294 282 3345 olei
303 3294 391 3344 unciis
414 3292 584 3343 aestimatur.
619 3291 689 3342 Nam
712 3290 804 3342 divide
823 3293 873 3343 200
891 3291 977 3341 libras
995 3292 1052 3342 Ro-

141 3377 238 3413 manas
256 3378 306 3427 per
323 3362 387 3413 288:
405 3359 541 3426 prodeunt
558 3359 658 3410 unciae
677 3357 718 3425 δὲ.

210 3429 235 3493 1)
253 3431 352 3480 Petrus
369 3427 471 3479 Daniel
489 3429 558 3478 iuris
577 3425 733 3489 consultus,
756 3426 851 3479 Seruii
866 3427 957 3478 editor
973 3427 1054 3474 neui-

132 3496 256 3545 lissimus
271 3497 400 3563 idemque
418 3496 519 3549 Plauti
537 3502 566 3549 et
582 3497 731 3562 Petronii,
747 3502 877 3550 mortuus
895 3497 942 3544 esu
958 3507 991 3542 s..
1002 3491 1078 3537 ioue

121 3558 177 3622 [sic
193 3561 309 3616 Jocner.
322 3566 483 3621 secundum
502 3568 618 3624 Baillet
631 3572 738 3640 jaqena.
758 3568 807 3621 des
827 3560 913 3627 saul-
