2378 3930
152 157 195 223 52
291 180 313 221 a
328 179 485 224 nonnosus
500 178 606 223 ornam
620 180 663 221 on
681 179 723 221 aa
737 178 884 223 ausrron.
989 158 1069 245 [llo]

154 313 314 395 Campania
341 311 492 383 versibus,
524 312 604 391 apud
630 330 686 375 nos
713 314 746 373 in
773 330 847 391 agro
873 312 1008 375 Romano
1035 330 1071 374 ae

153 416 258 477 Latino
279 416 400 492 ingeris.
444 416 547 491 iugum
569 422 674 477 vorant
693 414 772 494 quod
786 415 881 475 iuneti
898 413 990 477 hores
1011 432 1070 476 uno

154 517 201 579 dio
234 535 358 578 exarare
385 518 508 595 possint.
557 534 675 577 versum
703 516 806 576 dieunt
832 524 953 577 eentum
978 516 1072 595 pedes

154 635 274 697 quoquo
301 636 419 680 versum
447 617 634 697 quadratum.
678 619 814 695 iugerum
840 618 919 698 quod
943 618 1071 698 quadru-

119 726 199 780 5tos
221 720 296 781 duos
317 730 400 781 aetus
421 718 536 780 habeat.
581 727 664 781 aetus
686 719 849 799 quadratus
870 723 921 798 qui
944 727 973 781 et
994 718 1071 781 latus

154 829 199 882 esi
219 821 311 899 pedes
333 821 423 890 CXX,
446 832 475 881 et
496 821 603 899 longus
624 821 755 882 lotidem.
801 823 825 880 is
847 821 954 882 modus
976 839 1072 882 aonua

152 921 241 983 latine
270 921 442 999 appellatur.
488 922 581 1001 iugeri
609 941 679 1000 pars
706 924 826 983 minima
861 923 969 983 dieitur
997 925 1071 982 scri·

153 1023 272 1101 pulum,
302 1021 333 1082 id
361 1033 406 1084 est
428 1024 530 1085 decem
552 1023 646 1104 pedes
669 1033 697 1085 et
719 1023 901 1101 longitudine
923 1033 953 1085 et
973 1022 1072 1084 latitu-

153 1124 221 1185 dine
254 1124 440 1204 quadratum.
492 1124 528 1186 ab
556 1124 614 1185 hoe
642 1126 789 1204 principio
816 1143 970 1187 mensores
998 1143 1072 1186 non·

103 1238 135 1287 10
153 1243 304 1308 nunquam
327 1226 429 1287 dicunt
451 1227 481 1287 in
503 1225 684 1287 subsicivum
707 1245 772 1288 esse
795 1229 912 1288 unciam
935 1229 1072 1304 agriam

153 1336 317 1389 sextantem
340 1346 392 1389 seu
416 1329 486 1408 quid
510 1327 602 1399 aliud,
627 1347 694 1390 cum
717 1327 753 1388 od
775 1328 911 1405 iugerum
926 1346 1072 1407 pervene-

153 1436 238 1500 runt,
275 1431 354 1509 quod
388 1430 480 1493 habel
511 1432 648 1509 iugerum
676 1429 818 1509 scriptula
848 1428 1071 1499 CCLXXXVlll,

153 1539 295 1612 quantum
329 1550 361 1593 as
394 1534 530 1611 antiquos
559 1540 661 1592 noster
692 1540 758 1592 aule
786 1530 898 1592 bellum
926 1532 1071 1593 Punicum

155 1624 314 1711 pendebat

103 1745 135 1794 15
217 1735 289 1796 Bina
312 1736 430 1814 iugera,
455 1742 527 1813 quot
549 1734 706 1795 aRomulo
728 1735 858 1813 primum
881 1734 971 1793 divisa
993 1734 1072 1795 dioe-

102 1879 105 1887 .
154 1834 262 1897 bantur
284 1838 400 1907 viritim,
424 1854 500 1917 qnae
522 1836 663 1897 heredem
686 1842 891 1916 sequerentur,
915 1835 1071 1897 heredium

154 1934 370 2017 appellarunt‘
393 1938 466 1999 haee
489 1946 591 2017 postea
616 1946 734 1999 centum
757 1938 899 1998 centuria.
938 1940 1072 1998 centuria

154 2046 198 2099 est
231 2040 372 2118 quadrata
400 2042 431 2099 in
460 2057 562 2101 omnes
590 2035 727 2119 quattuor
755 2046 868 2117 partes,
904 2045 937 2098 ut
965 2037 1072 2099 habeat

154 2141 246 2201 latera
279 2140 367 2219 longo
400 2143 510 2221 pedum
539 2141 654 2202 MMCD.
705 2141 779 2202 haee
811 2158 902 2219 porro
932 2147 1072 2218 quattuor

220 2347 245 2394 2.
264 2342 368 2410 iugum]
396 2345 520 2410 iugerum
539 2345 570 2393 M
642 2349 666 2395 3.
686 2349 800 2409 possunt
817 2345 848 2393 M
921 2346 945 2394 5.
965 2346 1074 2408 quiesi

154 2430 227 2479 latus
242 2429 271 2479 C.
284 2429 336 2478 XX
347 2429 432 2493 pedes
447 2434 475 2478 el
487 2429 586 2494 longus
597 2430 712 2479 totidem
725 2430 758 2479 M
808 2430 834 2479 6.
847 2434 958 2479 centum
970 2431 1071 2495 viginti

157 2515 195 2564 Ve
264 2514 370 2563 modius
393 2513 431 2562 Ve
500 2528 590 2563 acuna
609 2515 648 2576 M,
668 2515 793 2564 aomina
815 2515 853 2563 Vo
922 2518 946 2567 7.
964 2514 1070 2565 latinae

152 2600 177 2647 L
234 2600 259 2652 8.
278 2599 364 2664 pedes
382 2599 411 2647 in
429 2598 631 2664 longitudinem
650 2604 678 2648 et
695 2599 871 2649 latitudinem
890 2602 961 2665 oulpo
1032 2602 1072 2653 10.

153 2684 322 2733 subsioinum
340 2685 371 2733 M
440 2685 480 2732 11.
500 2681 559 2748 seu]
584 2684 608 2734 si
625 2681 778 2743 LMPlVe,
804 2688 852 2733 aui
869 2688 941 2748 oulpo
1011 2700 1072 2749 per·

153 2773 288 2819 venerunt
313 2769 384 2832 quod
406 2768 492 2819 habet
515 2784 563 2819 om.
583 2769 614 2817 M
692 2770 732 2820 12.
757 2769 829 2833 quod
852 2766 935 2869 LPl,L
946 2773 1011 2833 quot
1033 2768 1072 2817 Ve

153 2870 285 2934 scriptula
298 2871 330 2932 L,
346 2871 469 2935 seripula
479 2870 627 2936 MPssoulpo,
641 2870 770 2936 scrupula
787 2872 825 2920 Ve
878 2868 1072 2921 CCXXXVIII

153 2955 186 3017 L,
207 2954 399 3006 CLXXXVIII
417 2958 456 3019 M,
477 2954 694 3005 COLXXXVIII
712 2954 758 3018 Pk,
777 2957 897 3006 ducenta
917 2956 1072 3020 octoginta·

153 3043 216 3087 ueto
238 3039 277 3088 Ve
347 3043 386 3093 13.
407 3046 524 3107 quantus
542 3042 582 3089 Pg
595 3042 663 3104 falso
734 3057 765 3091 as
784 3042 913 3105 antiquos
930 3035 1017 3097 apd,
1036 3038 1072 3089 ad

154 3127 280 3189 antiquos
293 3126 331 3189 M,
345 3131 436 3176 autem
451 3127 486 3176 ad
498 3131 556 3177 ani.
568 3127 594 3174 V
593 3142 607 3175 e
659 3124 764 3191 noster]
777 3123 842 3177 ofni
855 3127 894 3188 M,
908 3129 1016 3175 nostros
1033 3124 1072 3172 Ve

154 3210 194 3261 14.
213 3210 373 3275 pendebant
389 3212 427 3261 Ve
497 3214 538 3265 15.
557 3216 623 3275 quot
635 3212 684 3273 Lo,
705 3212 776 3276 quod
793 3212 853 3262 libri
921 3213 962 3262 16,
981 3224 1068 3273 quae-

154 3310 205 3359 que
223 3294 371 3346 haeredem
386 3297 424 3345 Ve
493 3296 655 3346 haeredium
677 3299 723 3359 Vc,
744 3295 874 3345 heredem
892 3296 923 3344 M
992 3296 1034 3343 17.
1054 3309 1071 3342 a

154 3384 263 3430 eentum
281 3383 408 3431 centuria
425 3383 473 3444 γε,
493 3397 509 3430 a
522 3387 631 3431 eentum
650 3381 776 3431 centuria
795 3380 870 3429 dicta
887 3382 959 3444 onlpo
1030 3378 1071 3429 18.

153 3465 276 3518 habeant
293 3466 327 3516 M
393 3469 432 3516 19.
452 3465 553 3531 pedum
571 3466 607 3515 M.
626 3466 663 3516 M.
682 3465 713 3518 C.
724 3461 753 3520 ἓ
766 3466 799 3523 L,
817 3464 917 3529 pedum
934 3464 972 3516 M.
987 3463 1025 3515 M.
1037 3462 1069 3513 G.

138 3550 179 3614 M,
199 3551 238 3601 M·
256 3553 295 3606 M.
317 3551 346 3606 0.
364 3553 454 3622 pedes
477 3553 515 3605 Ve
540 3549 584 3615 (de
605 3552 702 3602 Polde
721 3548 834 3615 proeli,
869 3551 962 3611 pedem
977 3559 1019 3599 ω
1036 3558 1078 3597 oe
