2378 3930
88 192 169 278 [llb]
435 214 653 259 marmanum.
679 218 684 229 ·
962 190 1003 263 '67

88 364 230 409 nummus
244 346 311 408 loco
326 348 443 417 mercis,
461 356 492 408 ut
507 364 588 409 nunc
604 348 799 411 tetrachmum
812 359 841 412 et
851 350 1002 424 drachma,

87 446 263 511 habebatur.
289 445 369 531 [46.]
387 448 524 511 denarius
544 450 641 528 primo
661 468 742 512 asses
760 451 864 513 decem
878 452 1001 525 valebat,

88 551 166 612 unde
194 557 223 611 et
249 568 359 612 nomeu
381 553 484 620 traxit;
515 552 667 631 quinarius
689 551 842 615 dimidium
865 556 943 624 cius,
972 556 1004 617 id

88 658 133 712 est
160 653 289 732 quinque
317 670 411 722 asses,
440 653 520 714 unde
548 654 662 733 etipse
684 661 820 724 vocatum
850 658 1003 717 sestertius

87 752 163 813 tluos
185 771 265 814 asses
288 760 317 814 et
337 754 503 822 semissem,
527 757 611 833 quasi
633 758 723 816 semis
746 757 863 827 tertius,
887 758 1000 819 Graeca
1020 760 1037 809 δ

85 854 181 931 ligura
204 853 343 933 ἕβδομον
364 853 597 932 ἡμιτάλαντον,
622 874 690 917 nam
713 874 764 918 sex
786 856 895 920 talenta
913 867 942 921 et
957 878 1003 921 se·

85 954 269 1017 mitalentum
293 975 327 1017 ec
349 956 441 1018 verbo
464 958 646 1036 significant;
669 956 715 1019 lex
740 962 826 1021 etiam
846 959 1002 1021 duodecim

86 1056 253 1119 tabularum
275 1068 450 1137 argumente
474 1068 531 1127 est,
555 1061 585 1118 in
608 1079 665 1139 qua
687 1060 745 1121 due
760 1061 851 1140 pedes
867 1070 897 1123 et
910 1064 1002 1123 semis

85 1162 237 1221 sestertius
258 1178 312 1239 pes
333 1170 464 1222 vocatur.
489 1158 568 1241 [tn]
594 1178 671 1223 nunc
694 1161 833 1223 denarius
854 1162 934 1233 XVl,
961 1165 1002 1223 vi·

86 1262 227 1322 cteriatus
253 1270 281 1323 et
304 1264 455 1342 quinarius
478 1262 554 1333 Vlll,
584 1266 736 1325 sestertius
759 1272 899 1344 quattuor
921 1282 1001 1326 asses
1021 1269 1053 1319 10

84 1362 170 1423 ralct.

115 1558 121 1569 ·
150 1514 335 1597 [48.]1nt1·a
363 1535 452 1597 quam
480 1517 651 1577 divisionem
679 1519 811 1598 sequitur
835 1519 889 1580 alia
912 1537 1001 1598 quae·

85 1619 153 1679 dam
175 1618 350 1687 subdivisio,
375 1627 460 1679 notas
482 1636 575 1697 aeque
599 1625 628 1678 et
649 1620 769 1697 propria
791 1619 933 1682 vocabula
948 1621 1000 1681 ba·

83 1719 168 1780 bens.
209 1738 300 1799 quare
323 1722 347 1780 si
370 1720 406 1781 ad
429 1720 584 1781 denarium
607 1720 751 1781 rationem
774 1723 928 1789 coniicias,
952 1739 997 1783 as·

83 1840 146 1883 sem
177 1823 232 1882 lrac
261 1832 328 1882 nota
357 1822 470 1883 scribas
498 1840 532 1882 ac
561 1840 662 1883 voces:
698 1825 850 1884 semuncia
873 1822 1001 1884 sicilicus
1021 1825 1052 1874 15

82 1919 201 1992 Χξ);
231 1924 399 1985 semunciae
427 1925 504 1983 enim
534 1922 663 1985 sedecim
692 1930 720 1984 et
743 1924 844 1984 sicilici
872 1924 1001 1985 sedecim

84 2045 181 2087 assem
199 2026 339 2086 elliciunt.
364 2022 445 2105 [m]
463 2024 648 2102 dupundium
670 2024 725 2085 hac
746 2035 816 2085 unta
837 2024 950 2085 scribas
967 2042 1002 2085 ac

83 2146 184 2189 voees:
209 2128 359 2187 sescuncia
376 2122 406 2191 ll
421 2121 503 2195 Σ·;
527 2143 595 2185 nam
618 2124 746 2186 sedecim
761 2128 931 2187 sescunciae
947 2126 1001 2187 dn-

82 2228 229 2309 pundium
253 2228 391 2289 efficiunt.
416 2224 497 2308 [ult]
520 2228 621 2287 tressis
644 2228 700 2288 bac
729 2237 797 2289 nota
826 2226 938 2289 scribas
966 2246 1002 2288 ac

80 2348 184 2392 voces:
220 2337 339 2391 sextans
364 2328 492 2390 sicilicus
513 2326 627 2398 ※Z);
656 2348 749 2410 acque
772 2331 849 2391 enim
872 2330 1000 2391 sedecim
1018 2332 1052 2383 20

82 2441 232 2493 sextantes
256 2432 435 2510 totidemque
458 2430 562 2493 sicilici
585 2441 644 2493 tres
666 2450 745 2494 asses
761 2432 899 2494 elliciunt.
917 2429 999 2513 [dt]

83 2534 260 2611 quattrussis
274 2533 330 2594 bac
346 2541 415 2594 uota
430 2531 544 2593 scribas
560 2551 720 2614 vocesque:
737 2533 885 2613 quadrans
895 2531 998 2601 ※:-;

82 2636 212 2697 sedecim
241 2637 319 2697 enim
347 2634 524 2714 quadrantes
551 2638 727 2714 quattrussis
751 2636 891 2697 efficiunt.
917 2631 998 2715 [52]

82 2739 227 2817 quinques
255 2738 311 2797 bac
341 2744 410 2797 nota
437 2736 551 2797 scribas
579 2755 741 2815 vocesque:
775 2735 924 2817 quadrans
952 2754 999 2796 sa·

83 2840 198 2900 muncia
222 2839 350 2899 sicilicus
370 2834 559 2905 tel-zm
583 2856 651 2899 nam
672 2838 800 2899 sedecim
819 2837 997 2917 quadrantes
1017 2843 1049 2893 25

83 2960 117 3002 ac
151 2940 271 3002 totidem
306 2942 475 3001 semunciae
508 2940 667 3018 sicilicique
703 2940 812 3001 iaciunt
842 2941 997 3020 quinques.

84 3039 164 3123 [533
189 3044 266 3103 sexis
294 3042 349 3101 bac
373 3050 442 3102 ueta
465 3041 578 3102 scribas
601 3043 809 3120 nominesque:
838 3042 929 3102 triens
953 3059 998 3102 se·

83 3148 200 3205 muncia
222 3140 388 3222 *1:23
418 3162 511 3223 acque
534 3144 611 3203 enim
636 3144 758 3203 trientes
780 3151 809 3203 et
831 3144 998 3204 semunciae

83 3246 212 3307 sedecies
242 3246 321 3306 ducti
348 3247 426 3305 sexis
454 3245 594 3306 efficiunt.
620 3242 700 3325 [54]
724 3254 824 3325 septus
851 3243 906 3305 lrac
929 3254 997 3304 nota

154 3502 176 3548 1.
201 3499 431 3550 tetradracbmum
455 3500 499 3552 Bu
523 3504 551 3551 et
575 3499 635 3559 illu,
664 3502 712 3553 sed
733 3500 777 3553 bie
798 3516 868 3550 nuuc
888 3496 1014 3561 qruelert

75 3582 257 3631 tetrachmum
276 3600 331 3635 cum
353 3586 376 3635 l*

840 3668 890 3732 {3¹5
