2378 3930
124 193 190 249 xm
429 176 598 247 11110111
617 189 833 246 1111111110.

123 337 309 405 consilium
329 337 415 420 cepit
441 335 618 419 Minucius,
649 357 714 400 non
743 335 912 420 Octauius3
946 337 1002 402 hic
1029 339 1138 422 potius

124 427 227 494 sodali
259 447 371 491 ueram
407 425 601 509 religionem
638 424 825 507 amplexura
859 426 1029 510 accedens,
1068 449 1138 492 cum

122 518 256 600 propter
270 536 385 579 causas
401 514 586 595 incognitas
602 535 713 578 morae
728 514 906 578 existerent
919 513 1031 598 Felici,
1050 537 1138 598 prae

123 603 228 669 cessit.
269 604 355 668 unde
382 602 556 688 legendum
589 606 669 685 puto
698 601 836 666 ‘renuit'
866 603 936 667 siue
965 602 1139 687 ‘rennuit’,

123 693 190 758 scil.
210 690 268 756 ‘se’
288 690 343 777 (cf.
361 690 492 756 Horatii
511 690 561 755 od.
579 690 596 753 I
618 690 670 769 35,
689 692 733 756 22
756 696 810 756 nec
827 693 966 756 camitem
984 690 1138 779 abnegat).

190 803 216 846 c.
235 781 269 864 2,
290 782 311 846 3
333 782 368 845 ici
389 781 532 861 temporis
549 784 621 860 post
638 781 791 845 1111111111
809 783 889 844 diem
911 782 947 844 in
966 784 1139 863 temperiem

122 891 185 936 sese
205 871 399 934 autumnitas
416 869 573 952 diripebat.
607 890 703 932 sensu
722 890 831 934 carere
851 868 1024 934 ‘aestiuum
1045 869 1137 934 diem'

122 961 191 1024 iure
219 981 277 1023 suo
305 958 472 1024 contendit
499 956 644 1022 Kochius
674 957 753 1040 (1.1.
781 981 811 1041 p.
836 957 929 1044 615),
962 981 1031 1023 non
1060 959 1137 1024 bene

124 1069 283 1132 reponens
318 1045 495 1112 ‘aestiuum
528 1045 703 1111 ardorem'.
745 1068 942 1130 quamquam
974 1048 1064 1112 enim
1096 1049 1138 1112 sic

122 1137 312 1202 restitutum
340 1139 403 1219 est,
431 1135 516 1220 quod
544 1135 594 1199 illi
618 1133 834 1219 ‘temperiem’
859 1139 903 1200 sit
930 1137 1137 1216 contrarium,

124 1228 271 1289 remanet
287 1227 399 1288 tamen
418 1224 552 1289 aestatis
572 1224 694 1288 mentio
714 1224 811 1308 plane
830 1225 964 1289 absona.
992 1229 1137 1308 tempore

123 1315 210 1378 enim
229 1311 465 1376 uindemiarum
484 1311 561 1397 (hec
580 1315 630 1376 est
648 1313 755 1378 medio
774 1312 841 1376 fere
861 1335 970 1378 mense
990 1312 1137 1399 Octobri)

123 1405 297 1466 autumnus
330 1401 442 1465 mitior
469 1399 539 1464 fieri
567 1401 675 1484 coepit
702 1423 768 1465 non
799 1407 875 1485 post
902 1402 1053 1486 aestatis,
1086 1403 1137 1467 sed

122 1494 199 1574 post
222 1490 272 1553 sui
294 1490 397 1573 ipsius
421 1490 553 1555 calores.
591 1490 711 1574 quippe
730 1492 847 1555 aestiui
868 1491 945 1556 solis
964 1489 1138 1575 flagrantia

123 1579 278 1664 perdurat
304 1578 436 1643 ineunte
460 1582 630 1661 autumno,
658 1579 743 1644 unde
767 1579 863 1644 huius
887 1583 996 1643 aestus
1022 1602 1043 1643 a
1062 1578 1136 1645 Ver·

123 1669 203 1753 gilio
231 1667 348 1751 Georg.
371 1666 421 1731 111
444 1668 509 1732 479
544 1667 678 1751 aliisque
709 1671 1011 1733 commemorantur.
1056 1668 1137 1734 unde

125 1757 253 1822 ‘aestuir
273 1755 410 1821 rabiem'
427 1757 570 1840 reposui.

190 1868 216 1911 e.
239 1847 274 1928 2,
301 1847 323 1908 4
355 1865 425 1910 cum
455 1845 590 1910 diluculo
617 1845 661 1908 aci
685 1865 773 1909 mare
799 1845 1023 1910 inambulando
1053 1845 1137 1910 litore

119 1954 323 2018 preparemus,
365 1955 403 1997 ex
434 1933 575 2017 hospitis
608 1933 772 1997 domicilio
803 1935 854 1997 uel
882 1955 920 1997 ex
949 1933 1136 1998 deuersorio

124 2021 172 2109 (in
192 2024 303 2089 Ostiae
326 2027 418 2108 parte
441 2027 584 2086 extrema
609 2022 677 2086 siue
696 2021 819 2086 Romae
843 2022 992 2105 proxima
1014 2021 1135 2106 posito)

124 2114 219 2179 amici
243 2114 283 2177 ad
307 2134 395 2176 mare
418 2112 666 2195 proficiscuntur
690 2111 792 2174 secuti
814 2111 966 2194 Tiberim,
990 2112 1085 2175 cuius
1107 2112 1136 2175 iu

123 2202 353 2355 11111111
375 2199 1136 2353 1111111111111111111111111111

125 2314 413 2464 1111111111(010(1
432 2380 546 2460 postea
565 2376 598 2440 in
618 2377 717 2441 maris
737 2378 830 2442 litore
850 2377 986 2441 faciunt:
1007 2399 1035 2441 c.
1052 2379 1083 2461 3,
1096 2376 1136 2461 4),

125 2467 178 2530 sed
218 2467 258 2530 ad
296 2487 415 2550 aequor
450 2469 664 2548 properantes
697 2467 874 2530 ambulant.
916 2465 1135 2530 desideramus

124 2559 233 2619 autem
261 2556 416 2619 disertam
445 2553 572 2617 Tiberis
601 2554 811 2638 mentionem,
841 2558 877 2618 11
904 2554 986 2618 illud
1016 2552 1136 2619 ‘litore'

125 2666 187 2727 quo
216 2645 376 2728 pertineat
408 2643 474 2706 iam
506 2664 574 2707 non
606 2643 651 2706 sit
680 2643 861 2707 obscurum.
902 2664 978 2706 nam
1008 2641 1138 2708 Oellarii

124 2735 308 2798 coniectura
340 2732 505 2796 nonnullis
538 2732 679 2815 probata
712 2730 834 2796 ‘litori'
866 2733 1051 2797 reiectanea
1084 2735 1137 2815 est,

124 2842 197 2885 cum
223 2842 353 2885 necesse
382 2822 426 2885 sit
453 2825 621 2904 praeterea
648 2816 946 2907 ε(11)1111111111111’
970 2821 1025 2884 111
1051 2817 1137 2908 ³(in)·

125 2908 346 2974 ambulaturi'.
387 2911 472 2994 quod
501 2910 574 2974 dedi
598 2909 649 2973 ‘in
677 2911 782 2973 amnis
809 2909 1005 2974 ambulando
1031 2907 1136 2975 litore'

126 3002 157 3061 et
181 2997 291 3061 auitii
316 2998 442 3083 origine
466 3003 498 3063 et
522 3022 541 3062 a
565 2999 725 3063 sententia
749 2996 840 3084 (dum
864 2999 897 3062 in
916 2998 1047 3062 Tiberis.
1068 3000 1137 3082 ripa

125 3086 342 3171 procedimus)
376 3092 525 3170 apertum
559 3093 617 3153 est.
645 3124 690 3134 —
718 3109 792 3150 mex
825 3089 914 3150 tenui
942 3087 1029 3171 quod
1061 3088 1136 3152 olim

127 3175 228 3260 (lectt.
260 3176 315 3239 lat.
348 3197 379 3257 p.
408 3176 466 3260 23)
506 3178 661 3261 proposui
698 3174 882 3259 ‘uegetaret
913 3197 985 3239 eum
1020 3177 1136 3240 eximia

124 3265 294 3347 uoluptate
318 3262 380 3327 et':
408 3265 514 3348 pueris
538 3265 677 3329 fortasse
702 3265 825 3328 harena
848 3264 996 3348 uestigiis
1021 3265 1136 3329 cedens

126 3353 275 3417 eximiam
310 3352 414 3415 adfert
441 3355 654 3436 uoluptatem,
686 3354 776 3418 nullo
804 3357 900 3437 pacto
928 3353 1006 3416 uiris
1035 3354 1137 3436 seriis,

123 3444 177 3526 qui
209 3441 422 3508 recreationis
455 3443 636 3526 indigentes
667 3464 739 3506 cum
772 3464 860 3506 mare
892 3445 1040 3525 peterent
1072 3443 1136 3506 iam

107 3555 242 3602 summa
268 3559 343 3605 eum
369 3533 546 3622 uoluptate
568 3536 709 3598 uentum
728 3530 930 3592 matutinum
942 3530 986 3587 111
1003 3550 1144 3605 mammeae
