2378 3930
410 221 591 278 OCTAVIUS
610 237 634 277 c.
653 226 696 277 36.
715 226 758 277 37.
1045 219 1087 284 57

77 370 111 433 et
146 370 309 432 tormenta
345 367 562 451 componitur,
598 387 672 430 cum
704 365 876 448 strepitum
909 365 1024 431 mortis
1057 368 1091 429 et

76 457 245 522 horrorem
261 455 406 521 inridens
424 454 567 520 carnifici
585 475 620 519 se
637 453 789 538 inculcat,
812 476 886 519 cum
904 453 1089 519 libertatem

77 566 168 610 suam
192 544 348 610 aduersus
370 564 465 629 reges
488 546 521 608 et
542 542 705 627 principes
726 542 831 628 erigit,
854 562 924 607 cum
947 543 1010 608 soli
1028 542 1088 607 deo

77 633 167 699 cuius
195 636 245 698 est
272 633 368 717 cedit,
401 654 474 698 cum
505 631 725 715 triumphator
753 635 786 695 et
812 632 916 696 uictor
942 631 1006 714 ipsi
1033 631 1089 714 qui

49 721 250 788 saduersum
273 742 307 787 se
330 721 525 786 sententiam
548 720 630 785 dixit
648 719 799 784 insultat!
830 719 910 784 uicit
929 719 1015 783 enim
1035 718 1090 804 qui

76 810 162 894 quod
194 810 360 875 contendit
387 808 536 875 obtinuit
580 808 651 889 quis
680 829 749 873 non
776 809 870 874 miles
898 806 958 873 sub
986 806 1124 875 oculisa

75 898 282 981 imperatoris
305 897 458 963 audacius
482 896 660 981 periculum
684 897 862 980 prouocet?
884 918 979 961 nemo
1003 895 1090 960 enirn

74 987 256 1070 praemium
283 986 422 1071 percipit
449 989 526 1051 ante
549 986 812 1070 experimentum.
857 989 891 1049 et
912 986 1091 1068 imperator

75 1077 187 1139 tamen
205 1074 290 1160 quod
309 1096 376 1140 non
393 1074 503 1160 habet,
519 1095 587 1139 non
605 1073 674 1138 dat:
697 1095 763 1139 non
782 1076 892 1157 potest
908 1092 1090 1157 propagare

36 1187 63 1228 ιο
76 1162 193 1247 uitam,
215 1165 326 1246 potest
348 1164 523 1229 honestare
545 1162 710 1227 militiam.
754 1166 789 1226 at
811 1163 899 1227 enim
923 1161 974 1225 dei
997 1162 1089 1225 miles
1108 1180 1125 1230 3

75 1273 136 1317 nec
163 1252 198 1316 in
226 1251 336 1317 dolore
364 1251 522 1317 deseritur
544 1270 609 1315 nec
638 1253 742 1316 morte
764 1251 885 1316 finitam.
928 1251 975 1315 sic
998 1247 1090 1314 Chri-

76 1341 203 1405 stianus
226 1340 325 1405 miser
347 1339 452 1404 uideri
474 1342 599 1424 potest,
621 1360 689 1404 non
710 1341 820 1422 potest
842 1339 988 1405 inueniri.
1030 1359 1090 1403 uos

75 1427 140 1512 ipsi
172 1428 382 1494 calamitosos
409 1428 498 1492 uiros
525 1426 618 1492 fertis
646 1425 687 1491 ed
715 1428 854 1511 caelum,
886 1433 922 1493 at
947 1426 1090 1492 Mucium

76 1514 280 1600 Scaeuolam,
304 1517 368 1601 qui,
390 1538 465 1581 cunr
489 1518 628 1581 errasset
649 1514 684 1579 in
707 1536 792 1601 rege,
815 1517 953 1600 perisset
975 1516 1010 1579 in
1032 1515 1091 1580 ho-

36 1629 62 1670 1s
77 1605 192 1689 stibus,
217 1605 281 1670 nisi
304 1605 470 1670 dexteram
493 1603 695 1689 perdidisset
736 1608 771 1669 at
793 1608 874 1689 quot
896 1624 935 1667 ex
957 1605 1090 1688 nostris,
1108 1623 1126 1671 4

75 1715 143 1758 non
161 1693 307 1758 dextram
326 1694 433 1759 solum
451 1694 512 1777 uri,
534 1692 590 1757 sed
608 1694 714 1758 totum
733 1714 849 1776 corpus
868 1692 1004 1758 cremari
1023 1692 1091 1756 sine

76 1782 153 1848 ullis
184 1781 359 1847 eiulatibus
390 1781 608 1867 pertulerunt,
640 1802 713 1846 curn
745 1781 867 1846 dimitti
898 1781 1091 1864 praesertim

75 1870 235 1936 haberent
256 1870 292 1935 in
314 1893 373 1936 sua
396 1871 573 1956 potestate!
603 1868 692 1935 uiros
715 1891 788 1935 oum
810 1869 918 1936 Mucio
941 1871 995 1934 uel
1018 1892 1091 1935 cum

76 1958 210 2044 Aquilio
243 1962 299 2024 aut
326 1959 454 2045 Regulo
487 1958 663 2044 comparo?
704 1958 796 2043 pueri
824 1962 857 2023 et
883 1958 1126 2025 mulierculaeo

37 2051 209 2114 eonostrae
232 2068 342 2113 cruces
367 2051 399 2112 et
421 2050 597 2129 tormenta,
618 2047 705 2113 feras
728 2051 761 2112 et
784 2069 894 2112 ornnes
918 2047 1090 2131 supplicio·

75 2158 149 2202 rum
184 2135 357 2200 terriculas
393 2135 556 2219 inspirata
587 2135 747 2218 patientia
778 2135 897 2201 doloris
930 2136 1090 2200 inludunt.

75 2246 137 2290 nec
158 2223 367 2309 intellegitis,
389 2246 409 2289 o
433 2223 558 2306 miseri,
580 2224 744 2288 neminem
768 2245 838 2289 esse
860 2224 917 2308 qui
941 2228 997 2289 aut
1021 2224 1090 2288 sine
1110 2242 1126 2290 6

76 2313 203 2378 ratione
235 2312 317 2377 uelit
348 2334 487 2397 poenam
519 2312 627 2377 subire
660 2316 717 2376 aut
743 2316 905 2378 tormenta
933 2312 1002 2377 sine
1031 2311 1090 2377 deo

77 2402 183 2486 possit
216 2401 388 2467 sustinere:
419 2401 485 2466 nisi
515 2399 601 2465 forte
629 2421 690 2465 uos
718 2401 850 2484 decipit,
882 2401 969 2485 quod
991 2401 1126 2468 ,denmr

37 2511 63 2554 33
77 2492 260 2556 nescientes
281 2489 405 2556 diuitiis
425 2489 557 2573 afluant,
579 2489 759 2554 honoribus
776 2490 922 2572 floreant,
945 2490 1092 2573 polleant

76 2578 303 2662 potestatibus.
344 2579 455 2644 miseri
482 2578 517 2643 in
539 2578 601 2643 hoc
625 2577 724 2642 altius
747 2578 921 2660 tolluntur,
949 2581 986 2642 ut
1008 2578 1093 2643 deci-

77 2667 157 2745 dant
179 2667 286 2732 altius.
321 2667 358 2731 hi
382 2668 468 2732 enim
490 2670 528 2731 ut
550 2666 705 2732 uictimae
728 2665 770 2731 ad
793 2665 989 2749 supplicium
1008 2665 1093 2750 sagi·

77 2759 205 2839 nantur,
223 2758 261 2820 ut
278 2754 406 2819 hostiae
424 2755 463 2818 ad
482 2776 620 2838 poenam
640 2757 846 2820 coronantur.
878 2755 912 2818 in
931 2753 994 2819 hoc
1013 2755 1092 2820 adeo

78 2842 208 2928 quidam
250 2843 396 2926 imperiis
439 2864 476 2908 ac
513 2842 790 2908 dominationibus
827 2843 1015 2928 eriguntur,
1055 2845 1092 2908 ut

150 3074 174 3137 1,
189 3075 204 3123 2
223 3069 322 3125 mortis
341 3073 370 3126 et
388 3071 532 3125 horrorem
551 3069 715 3125 carnificis
706 3069 841 3140 mripiens
856 3072 917 3139 (tec
930 3086 999 3126 corr.
1017 3068 1092 3125 aare·

75 3141 151 3207 aiae)
167 3110 336 3209 inculcatP‚
354 3142 461 3197 correct
479 3139 546 3225 (se
537 3157 601 3208 me,
618 3142 693 3197 ultro
710 3158 737 3197 33
755 3143 834 3209 offert
850 3142 935 3197 minio
947 3141 1094 3210 suppliciis

75 3209 269 3284 3333333333)Ηὸ
285 3228 348 3266 oum
362 3213 460 3268 addidi
487 3183 735 3282 tinnuliatedpr
737 3211 1093 3283 .:stultatPl110adenim

75 3283 251 3352 33311113
272 3284 304 3337 ut
323 3283 434 3339 addidit
479 3284 654 3352 mannaan
669 3289 703 3337 14
721 3283 896 3339 scenolamP
911 3287 916 3350 Ι
931 3298 998 3352 rege
1015 3282 1093 3337 Hea-

75 3370 208 3409 mamus:
234 3369 332 3425 regern
359 3358 379 3407 P
403 3355 414 3424 ss
443 3358 475 3409 15
505 3354 536 3408 at
562 3370 623 3423 090:
650 3357 679 3409 et
705 3356 757 3439 ξι]
786 3349 818 3410 16
848 3354 973 3409 dextram
1002 3354 1093 3408 solum

76 3425 126 3480 sed
153 3426 246 3480 totum
275 3441 375 3495 corpus
403 3424 448 3479 nri
475 3424 594 3480 cremari
617 3429 649 3494 P,
677 3427 721 3480 uri
747 3427 857 3482 traiecit
878 3424 1062 3479 Boemoraeus
1084 3424 1094 3497 ll

77 3502 110 3622 ld
135 3494 290 3607 diwssiffip
311 3499 321 3567 l
345 3502 380 3551 24
402 3495 494 3565 possit
515 3497 556 3551 ed.
580 3512 642 3566 pr..·
669 3503 790 3566 posse?
812 3498 822 3567 u
846 3501 879 3550 2'1
898 3494 929 3549 hi
948 3493 1035 3566 enim]
1055 3511 1094 3551 aa

76 3583 199 3622 eemm.
