2378 3930
105 130 188 241 [litt]
453 176 670 221 meramnum.
850 139 854 147 ’
981 155 1024 223 65

108 318 231 392 quarta,
260 310 335 371 duae
357 308 489 371 sextulae
512 327 583 388 pars
603 310 753 371 tricesima
774 318 872 383 sexta,
896 312 1024 375 sicilicus

107 412 333 493 quadragesima
363 418 479 486 octava,
507 410 620 471 sextula
645 412 862 493 septuagesima
883 414 1023 485 secunda,

107 512 229 574 dimidia
252 510 365 573 sextula
388 514 545 574 centesima
568 512 793 591 quadragesima
816 521 928 593 quarta,
951 517 1024 576 scri-

108 614 225 695 ptulum
249 614 449 675 ducentesima
473 614 653 692 octogesima
675 621 786 678 octava.
810 613 890 697 [34]
906 634 1025 677 semun-

108 718 154 778 cia
176 714 266 777 lrabet
287 713 412 775 sicilicos
435 713 524 783 duos,
554 713 681 776 sextulas
702 723 778 787 tres,
802 718 937 779 dimidias
959 736 1024 779 sex·
1042 722 1059 771 5

108 816 186 879 tulas
215 835 280 887 sex,
311 815 450 894 scriptula
479 816 643 878 duodecim.
680 813 760 898 [35]
790 818 865 879 duae
893 818 1025 881 sextulae

109 918 223 981 habent
245 917 387 978 sicilicum
409 927 438 976 et
457 916 607 979 dimidiam
623 916 775 990 sextulam,
799 918 928 982 sextulas
943 921 1025 991 duas,

109 1020 247 1081 dimidias
274 1016 408 1080 sextulas·
428 1018 496 1088 llll,
526 1019 666 1098 scriptula
689 1021 762 1081 Vlll.
792 1019 875 1102 [36]
899 1021 1026 1083 sicilicus

110 1121 201 1184 habet
227 1121 371 1183 sextulam
401 1128 430 1181 et
452 1119 616 1192 dimidiam,
646 1121 782 1183 dimidias
805 1122 933 1184 sextulas
955 1131 1025 1193 tres,

109 1222 251 1302 scriptula
281 1240 341 1284 sex.
374 1219 456 1303 [37]
480 1221 592 1283 sextula
621 1222 711 1284 habet
738 1223 872 1285 dimidias
898 1223 1027 1286 sextulas
1045 1228 1079 1276 to

109 1325 200 1394 duas,
224 1322 364 1403 scriptula
387 1330 534 1402 quattuor.
561 1321 635 1405 [38]
660 1325 779 1385 dimidia
801 1323 914 1388 sextula
937 1325 1029 1387 hahet

109 1426 252 1505 scriptula
276 1425 342 1486 duo.

175 1604 260 1692 [39]
284 1611 343 1672 llas
372 1628 489 1689 quoque
516 1617 617 1688 partes
645 1611 839 1690 inquantum
863 1610 934 1673 libet
957 1612 1027 1672 divi·

112 1713 184 1774 dcre
206 1714 315 1791 possis;
338 1730 441 1772 vorum
464 1711 540 1773 inira
564 1729 613 1772 eas
635 1729 731 1791 noque
748 1721 832 1774 notas
847 1731 943 1792 neque
958 1731 1028 1792 pro·

114 1816 179 1893 pria
194 1813 334 1874 vocabula
359 1814 489 1873 inuenies
510 1820 629 1893 praeter
651 1831 695 1872 ea.
732 1813 883 1874 dimidium
901 1816 1028 1893 scriptu·
1048 1818 1081 1867 15

114 1915 175 1975 lurn
205 1916 292 1976 audio
323 1915 465 1993 quosdam
495 1916 719 1975 ratiocinatores
741 1914 889 1992 simplium
912 1933 1028 1983 vocare,

113 2017 193 2096 quod
230 2018 285 2076 erit
319 2018 408 2075 totius
442 2016 513 2076 assis
547 2016 782 2093 quingentesima
815 2016 1057 2093 septuagesima

112 2126 211 2187 sexta,
241 2134 329 2194 quam
358 2123 387 2176 ct
413 2118 507 2195 ipsam
529 2124 643 2195 partem
666 2116 779 2176 infinito
802 2134 941 2194 separare
963 2135 1031 2194 pos·

114 2221 165 2279 sis.
203 2213 280 2301 [40]
313 2234 368 2277 neo
395 2219 518 2287 mirum,
549 2219 574 2277 si
599 2217 677 2278 inira
704 2219 757 2279 lras
785 2226 885 2298 partes
912 2220 1031 2296 partitio

114 2321 191 2380 laeta
221 2326 249 2378 ct
276 2317 445 2379 nominibus
474 2326 502 2380 et
529 2320 606 2379 notis
629 2326 724 2388 caret,
754 2338 821 2381 curm
844 2321 931 2381 etiam
955 2322 1031 2381 inter
1049 2302 1104 2373 20'

113 2421 285 2500 superiores
311 2422 480 2500 primasque
509 2421 667 2483 divisiones
694 2418 855 2501 pleraeque
878 2430 980 2501 partes
1003 2429 1032 2483 et

115 2521 284 2583 nominibus
308 2527 338 2581 et
358 2524 435 2582 notis
458 2530 591 2584 careant:
618 2524 719 2584 statim
742 2540 870 2602 namque
892 2523 1032 2585 undecim

115 2624 288 2685 undecimae
309 2640 406 2683 assem
429 2624 574 2694 efficiunt,
598 2643 653 2685 nec
675 2633 725 2685 aut
744 2643 855 2686 nomen
876 2626 1031 2703 proprium

116 2733 166 2786 aut
198 2734 297 2786 notam
331 2724 455 2792 habent;
490 2726 614 2804 Perinde
645 2726 748 2787 decem
778 2726 917 2786 decimae.
963 2744 1031 2785 nam

116 2844 194 2887 nona
223 2829 296 2887 assis
325 2825 394 2887 iacit
423 2828 539 2888 unciam
570 2827 642 2888 duas
670 2826 815 2895 sextulas;
852 2833 967 2899 octava,
1001 2835 1032 2887 ut
1050 2830 1084 2879 25

117 2945 206 3008 supra
229 2927 377 2988 redditum
400 2936 457 2994 est,
480 2930 632 2990 sescuncia
654 2936 791 2997 vocatum
814 2937 927 3005 septem
943 2930 1032 3007 septi-

116 3048 197 3099 mae,
227 3047 302 3108 quac
325 3035 354 3089 ct
374 3030 454 3106 ipsae
477 3047 571 3090 assem
594 3028 731 3107 implent,
755 3047 812 3090 nec
833 3047 941 3090 nomen
963 3049 1034 3109 pro·

117 3136 217 3212 prium
239 3148 295 3190 nec
317 3136 416 3189 notam
439 3130 564 3199 habent;
587 3136 687 3192 sextae
709 3138 858 3191 sextantes
875 3142 1032 3199 uocantum

188 3370 211 3417 1.
231 3373 335 3419 etanta
355 3372 453 3434 quarta
471 3369 531 3419 odd.
552 3369 585 3425 C,·
607 3383 722 3419 numeros
745 3370 802 3419 olim
823 3371 935 3434 scriptos
951 3371 1034 3432 fuisse

118 3455 276 3504 demonstrat
298 3454 343 3504 Mo
367 3456 423 3504 coll.
447 3469 482 3504 os.
504 3456 535 3517 3,
564 3452 607 3503 ubi
627 3452 687 3503 riori
707 3452 851 3504 tricesima
874 3454 968 3504 dotent
987 3469 1038 3514 pro

115 3538 328 3602 quadragesima
398 3541 439 3593 24.
459 3536 537 3610 nam]
558 3541 616 3593 iam
634 3543 705 3595 coni.
724 3539 772 3593 Mo

137 3632 249 3671 soxrrr.
269 3637 396 3677 assason.
416 3643 453 3683 11.
898 3621 929 3685 ἶ)
