2378 3930
106 230 148 294 10
444 226 624 283 sonrorur
640 225 766 282 msam

105 389 304 476 Carthagine
323 390 364 456 ad
387 389 603 456 dirimendum
626 389 813 455 condicione
831 388 953 455 bellum
975 388 1030 454 diu
1051 389 1117 454 iam

105 480 143 545 de
166 480 284 544 finibus
313 482 442 545 etcum
464 479 592 564 magnis
615 479 786 544 amborum
809 477 954 543 cladibus
979 481 1119 563 gestum,

104 572 279 652 postquam
305 569 340 632 in
368 589 406 633 eo
429 567 515 652 quod
538 569 734 633 convenerat
760 587 827 631 non
849 567 1055 651 monebatur,
1081 571 1119 632 nt

105 657 161 721 ubi
188 657 291 742 legati
318 659 558 740 concurrerent,
589 659 678 720 certo
704 658 852 740 tempore
879 655 1043 739 utrimque
1071 654 1118 719 di-

105 746 212 828 missi,
242 744 289 810 ibi
316 745 450 810 termini
478 747 711 828 statuerentur,
741 743 829 828 pacti
858 742 897 808 de
923 743 1052 828 integro
1082 747 1145 810 uta

105 832 261 918 quidquid
288 833 371 899 citra
399 836 484 898 esset
515 831 728 917 popularibus
761 832 902 916 cederet,
934 831 1052 898 mirum
1086 836 1119 897 et

104 922 262 987 memoria
285 921 515 1005 dignissimum
532 920 667 1005 facinus,
689 921 742 986 hie
762 942 796 986 se
819 921 912 987 vivos
932 919 1026 986 obrui
1049 941 1119 1004 per·

105 1012 258 1076 tulerunt
986 1030 990 1041 ⁸

65 1077 85 1142 8
192 1097 271 1163 Inde
295 1098 335 1162 ad
355 1095 597 1164 Catabathmon
618 1095 798 1182 Cyrenaica
814 1097 985 1180 provincia
1003 1101 1062 1179 est,
1084 1097 1120 1161 in

51 1155 84 1204 3⁹
105 1208 206 1270 eaque
229 1189 305 1252 sunt
322 1185 516 1251 Hammonis
535 1187 701 1252 oraculum
720 1185 797 1250 fidei
819 1185 970 1269 inclutae,
992 1190 1026 1251 et
1043 1185 1118 1252 fons
1134 1207 1160 1251 ro

105 1297 200 1359 quem
219 1273 306 1340 Solis
329 1274 505 1359 adpellant,
528 1278 561 1340 st
583 1297 679 1359 rupes
702 1273 859 1358 quaedam
882 1278 993 1340 austro
1018 1295 1120 1340 sacra.

104 1364 184 1428 haec
217 1385 289 1428 oum
316 1363 486 1428 hominum
515 1385 614 1429 manu
647 1363 819 1448 attingitur
850 1362 907 1427 ille
938 1363 1119 1429 inmodicus

105 1452 235 1536 exurgit
260 1452 464 1536 harenaeque
492 1453 586 1537 quasi
612 1452 718 1517 maria
744 1471 844 1537 agens
873 1451 920 1516 sic
948 1452 1053 1517 saevit
1081 1456 1119 1516 ut

105 1539 267 1605 fluctibus.
312 1540 386 1605 fons
414 1540 520 1606 media
540 1544 637 1607 nocte
659 1540 775 1623 fervet,
802 1561 879 1605 mox
905 1543 938 1605 et
959 1540 1119 1624 paulatim

104 1632 274 1712 tepescens
305 1629 345 1694 fit
374 1629 445 1694 luce
476 1628 631 1714 frigidus,
668 1632 747 1694 tunc
777 1632 815 1692 ut
850 1627 900 1694 sol
933 1628 1040 1714 surgit
1072 1629 1120 1694 ita
1134 1649 1160 1692 rs

105 1716 242 1782 subinde
269 1717 420 1803 frigidior
445 1739 505 1801 per
531 1717 700 1783 meridiem
727 1716 867 1782 maxime
894 1717 993 1802 riget,
1020 1717 1120 1782 sumit

105 1806 179 1870 dein
205 1808 352 1889 teporem
380 1806 513 1889 iterum,
541 1809 574 1870 et
600 1806 707 1890 prima
733 1809 828 1870 noete
856 1804 995 1889 calidus,
1022 1809 1120 1889 atque

105 1897 143 1959 ut
174 1894 234 1959 illa
265 1893 411 1979 procedit
441 1894 491 1959 ita
523 1894 659 1960 calidior
689 1915 802 1959 rursus
829 1915 903 1958 cum
935 1897 986 1959 est
1013 1894 1121 1960 media

52 1997 86 2046 40
105 1983 275 2066 perferret.
326 1984 360 2047 in
387 1983 484 2048 litore
512 1982 739 2068 promunturia
766 1986 843 2048 sunt
870 1982 1058 2066 Zephyrion
1087 1986 1120 2047 et

104 2071 350 2156 Naustathmos,
363 2075 476 2156 portus
490 2071 715 2155 Paraetonius,
728 2072 826 2137 urbes
834 2070 1004 2155 Hesperia,
1017 2070 1120 2154 Apol·
1134 2094 1160 2133 ao

104 2161 203 2238 ionia,
226 2159 412 2238 Ptolemais,
434 2161 573 2226 Arsinoe
593 2164 690 2245 atque
712 2160 798 2225 unde
814 2160 912 2225 terris
929 2180 1048 2225 nomen
1071 2163 1121 2225 est

104 2248 177 2331 ipsa
196 2245 331 2331 Oyrene.
365 2245 601 2313 catabathmos
619 2248 718 2312 vallis
737 2247 859 2312 devexa
876 2248 911 2311 in
929 2246 1120 2332 Aegyptum

52 2350 85 2398 41
105 2336 178 2399 finit
197 2334 352 2400 Africam
385 2357 460 2400 orae
479 2337 526 2401 sic
543 2335 735 2402 habitantur
753 2335 794 2400 ad
812 2338 961 2399 nostrum
979 2336 1119 2402 maxime

105 2423 205 2489 ritum
232 2424 367 2489 moratis
396 2424 588 2508 cultoribus,
620 2424 683 2489 nisi
715 2422 801 2508 quod
833 2422 965 2508 quidam
997 2425 1119 2510 linguis

107 2511 260 2576 differunt
282 2515 316 2577 et
334 2513 424 2577 cultu
447 2512 543 2578 deum
560 2534 641 2598 quos
659 2513 787 2597 patrios
806 2515 937 2577 servant
955 2534 992 2578 ac
1011 2515 1119 2596 patrio
1134 2533 1161 2576 as

105 2621 195 2665 more
213 2604 421 2667 venerantur.
452 2602 609 2685 proximis
629 2601 740 2666 nullae
754 2600 886 2685 quidem
904 2601 1000 2666 urbes
1021 2605 1119 2685 stant,

105 2693 215 2752 tamen
233 2689 397 2755 domicilia
416 2693 492 2755 sunt
510 2712 593 2775 quae
608 2689 749 2772 mapalia
768 2689 982 2773 appellantur.
1013 2690 1119 2756 rictus

106 2798 200 2861 asper
228 2781 261 2842 et
288 2778 457 2844 munditiis
484 2800 606 2844 carens.
656 2776 814 2861 primores
843 2778 932 2864 sagis
959 2779 1117 2858 velantur,

105 2865 221 2950 vulgus
249 2867 429 2932 bestiarum
456 2866 680 2952 pecudumque
706 2864 856 2950 pellibus.
906 2866 997 2931 humi
1027 2867 1118 2952 quies

106 2954 283 3038 epulaeque
315 2956 495 3039 capiuntur.
549 2978 628 3021 vasa
659 2955 751 3038 ligno
787 2954 870 3019 fiunt
902 2958 959 3020 aut
990 2955 1120 3021 cortice.
1133 2976 1161 3017 eo

176 3152 201 3201 4.
225 3147 423 3202 concurrerant
444 3139 688 3201 A'conourrerent
709 3162 730 3200 x
802 3151 827 3201 9.
851 3145 1069 3200 eathabathmon
1092 3147 1120 3200 A

159 3215 348 3284 cyrenaicaA
404 3223 446 3274 10.
465 3216 589 3286 inclytae
602 3218 630 3273 A
686 3223 729 3274 11.
749 3215 896 3287 adpellant
913 3216 955 3269 A¹
974 3216 1122 3287 appellant

105 3286 147 3341 A'
220 3293 261 3342 12.
284 3287 440 3343 inmodicus
459 3288 501 3342 A¹
523 3287 690 3342 immodicus
713 3287 755 3341 A’
827 3293 869 3343 18.
893 3285 1000 3342 caldior
1022 3287 1050 3343 A

108 3363 150 3412 19.
168 3357 361 3428 promontoria
378 3359 420 3414 A¹
438 3375 507 3415 corr.
561 3365 604 3415 20.
623 3357 785 3430 paretonius
804 3359 832 3413 A
891 3364 934 3412 21.
952 3357 1120 3428 ptolemaeis

106 3429 148 3482 A¹
165 3428 315 3499 ptolemais
334 3429 376 3485 A*
429 3435 472 3485 22.
492 3429 667 3486 catabatmon
685 3430 727 3486 A¹
751 3428 944 3486 catabathmos
963 3429 1005 3485 Α*
1076 3435 1120 3485 21.

106 3499 250 3570 mappalia
261 3500 304 3555 A¹
316 3500 439 3572 mapalia
453 3499 494 3557 A¹
