2378 3930
354 237 534 294 0440440444.
554 240 567 293 1
586 245 611 294 r.
631 234 647 295 'e
668 243 796 311 (ae-48)
1046 239 1085 302 11

68 405 168 487 potus
192 405 244 466 est
266 401 318 466 lac
341 421 501 488 sucusque
524 403 686 467 bacarum.
732 401 823 467 cibus
847 405 898 467 est
920 423 996 468 caro
1018 405 1088 488 plu·

69 491 192 555 rimum
214 489 331 554 ferinat
359 511 437 555 nam
460 491 628 576 gregibus,
655 491 732 574 quia
755 490 788 555 id
815 491 921 557 solum
944 492 1089 576 opimum
1107 505 1141 554 42

71 582 136 662 est,
163 578 250 663 quod
278 582 389 663 potest
415 579 568 662 parcitur.
613 579 784 644 interiores
807 579 960 645 incultius
989 581 1088 646 ctiam

70 670 226 733 secuntur
247 668 324 753 vagi
346 687 478 752 pecora,
505 670 605 753 utque
629 690 648 732 a
671 667 793 752 pabulo
821 667 919 733 ducta
942 674 1017 734 sunt
1040 669 1088 734 ita

44 775 106 822 aee
134 777 172 821 ac
199 756 332 840 tuguria
360 778 419 820 sua
441 759 647 840 promovent,
676 760 773 840 atque
800 756 857 820 ubi
885 756 953 822 dies
981 757 1089 823 deficit

70 845 120 909 ibi
146 849 287 910 noctem
306 848 415 930 agunt.
461 866 645 929 quanquam
673 845 708 910 in
734 843 875 909 familias
902 845 1027 929 passim
1054 850 1089 911 et

72 933 144 998 sinc
161 934 236 1020 lege
254 933 391 1017 dispersi
410 933 493 998 nihil
512 934 735 999 incommune
758 933 955 1017 consultant,
977 937 1090 1001 tamen

73 1022 151 1107 quia
175 1022 314 1107 singulis
343 1022 469 1106 aliquot
492 1021 589 1087 simul
613 1023 767 1107 coniuges
795 1026 830 1086 et
851 1023 961 1106 plures
985 1024 1028 1088 ob
1056 1023 1089 1088 id

71 1110 169 1176 liberi
197 1111 394 1196 adgnatique
424 1114 500 1176 sunt
531 1132 692 1196 nusquam
724 1111 828 1195 pauci.
878 1133 917 1176 ex
948 1111 999 1177 bis
1032 1112 1088 1196 qui
1107 1127 1142 1176 43

32 1220 57 1260 ro
71 1199 161 1264 ultra
189 1198 315 1265 deserta
343 1221 413 1265 esse
441 1203 663 1264 memorantur
690 1200 842 1264 Atlantes
871 1200 973 1265 solem
1000 1220 1089 1265 exsc-

72 1292 205 1353 crantur
223 1291 256 1353 et
273 1288 350 1353 dum
369 1288 474 1354 oritur
492 1291 525 1354 st
548 1288 625 1353 dum
643 1288 761 1354 occidit
779 1290 816 1352 ut
832 1288 914 1371 ipsis
938 1289 1089 1374 agrisque

72 1375 273 1461 pestiferum.
305 1379 438 1442 nomina
456 1377 577 1461 singuli
595 1398 662 1442 non
675 1376 811 1459 habent,
830 1398 896 1442 non
914 1382 1089 1442 vescuntur

72 1465 283 1548 animalibus,
306 1486 411 1550 neque
429 1465 496 1530 illis
519 1466 554 1531 in
572 1466 681 1550 quiete
699 1465 810 1549 qualia
832 1465 948 1530 ceteris
970 1469 1091 1531 morta-

72 1554 160 1618 libus
183 1555 289 1620 visere
308 1555 411 1619 datur.
451 1554 648 1640 trogodytae
664 1554 827 1619 nullarum
847 1575 948 1637 opum
965 1554 1090 1619 domini
1108 1569 1143 1617 44

32 1661 58 1703 15
73 1642 212 1708 strident
238 1643 344 1730 magis
372 1665 469 1728 quam
497 1643 660 1725 locuntur,
689 1664 803 1726 specus
832 1643 971 1707 subeunt
998 1643 1089 1708 alun-

71 1735 189 1816 turque
213 1732 426 1816 serpentibus.
472 1730 557 1815 apud
581 1731 799 1797 Garamantas
823 1731 921 1796 etiam
944 1735 1091 1796 armenta
1108 1745 1142 1794 45

72 1823 149 1884 sunt
180 1841 281 1904 eaque
317 1820 450 1906 obliqua
482 1821 604 1885 cervice
639 1823 828 1904 pascuntur,
863 1841 940 1885 nam
976 1821 1089 1906 pronis

73 1907 198 1974 directa
220 1910 254 1973 in
277 1908 412 1974 humum
434 1929 555 1974 cornua
582 1908 738 1974 officiunt.
782 1909 865 1972 nulli
892 1911 981 1973 certa
1008 1930 1091 1973 uxor

73 2000 133 2063 est.
178 2018 217 2061 ex
239 1997 291 2062 his
315 1998 370 2082 qui
391 2001 462 2062 tam
485 1997 619 2062 confuso
648 1997 832 2080 parentium
856 1996 944 2061 coitu
965 1996 1090 2079 passim

30 2105 58 2146 ro
72 2085 250 2170 incertique
286 2089 465 2151 nascuntur
500 2106 581 2170 quos
617 2107 676 2170 pro
714 2085 782 2149 suis
818 2084 929 2149 colant
964 2084 1090 2148 formae

73 2173 286 2239 similitudine
313 2178 503 2260 agnoscunt.
549 2173 689 2260 Augilac
717 2193 829 2238 manes
857 2176 985 2238 tantum
1011 2172 1089 2238 daos
1108 2188 1142 2237 46

72 2266 204 2346 putmt‚
232 2285 291 2346 per
318 2284 374 2329 eos
403 2262 563 2347 deierant,
595 2285 651 2329 eos
683 2265 720 2326 ut
747 2261 878 2327 oracula
909 2261 1090 2347 consulunt,

71 2351 261 2436 precatique
289 2373 375 2436 ‚quae
407 2352 534 2435 volunt,
565 2352 622 2416 ubi
648 2351 784 2416 tumulis
811 2350 997 2435 incubuere,
1028 2371 1090 2434 pro

72 2440 238 2524 responsis
261 2441 371 2504 ferunt
393 2440 528 2506 somnia.
573 2438 705 2504 feminis
725 2460 836 2505 eorum
860 2439 1016 2505 sollemne
1040 2443 1090 2503 est

30 2546 58 2588 ao
71 2531 168 2593 nocte
200 2550 265 2613 qua
295 2529 424 2593 nubunt
456 2529 601 2594 omnium
633 2532 748 2612 stupro
780 2531 891 2612 patere
929 2528 1090 2613 quicum

72 2638 205 2682 munere
229 2617 429 2699 advenerint,
457 2622 491 2682 et
512 2620 583 2681 tum
606 2637 679 2681 cum
702 2615 853 2700 plurimis
879 2615 1090 2681 concubuisse

72 2705 250 2771 maximum
265 2705 372 2788 decus,
390 2709 424 2771 in
442 2706 576 2771 relicum
594 2704 752 2790 pudicitia
765 2705 903 2788 insignis
922 2708 982 2769 est.
1012 2703 1091 2768 nudi
1109 2718 1142 2767 44

72 2797 151 2858 sunt
172 2792 434 2878 Gamphasantes
463 2814 689 2877 armorumque
713 2793 857 2858 onmium
881 2793 1003 2878 ignari3
1030 2812 1090 2858 nac

72 2881 177 2947 vitare
202 2883 307 2948 sciunt
329 2883 398 2948 tela
419 2903 478 2947 nec
501 2883 619 2960 iacere,
646 2882 782 2966 ideoque
810 2882 924 2947 obvios
951 2881 1090 2965 fugiunt,

31 2988 59 3030 ao
72 2991 177 3056 neque
215 2970 352 3036 aliorum
385 2992 482 3056 quam
518 2971 635 3055 quibus
672 2969 758 3034 idem
794 2970 920 3054 ingenii
952 2973 1002 3035 est
1032 2972 1091 3034 aut

73 3080 268 3145 congressus
295 3063 352 3125 aut
378 3060 552 3145 conloquia
579 3059 759 3143 patiuntur.
809 3057 952 3141 Blemyis
981 3058 1090 3143 capita
1108 3073 1143 3121 48

145 3238 170 3288 4.
195 3234 327 3287 secuntur
348 3233 390 3287 A¹
418 3234 571 3302 sequuntur
593 3232 634 3287 A*
711 3239 735 3288 5.
759 3231 797 3287 ad
823 3230 937 3301 tuguria
960 3232 988 3285 A
1065 3237 1089 3286 6.

72 3318 235 3373 quanquam
257 3304 298 3357 A¹
320 3320 389 3360 corr.
464 3312 505 3359 10.
525 3304 705 3359 exsecrantur
727 3304 768 3358 A¹
792 3304 956 3358 execrantur
978 3301 1020 3356 A’

75 3380 118 3431 15.
131 3375 268 3428 locuntur
286 3376 327 3429 Α1
345 3374 499 3444 loquuntur
516 3374 557 3429 A’
629 3381 672 3430 2‘1.
691 3373 808 3430 relicum
827 3373 868 3429 Α1
890 3373 1029 3444 reliquum
1048 3370 1091 3426 A*

146 3443 267 3516 insignis
287 3447 331 3500 est
349 3446 391 3499 A¹
409 3463 477 3502 corr.
551 3452 594 3501 31.
614 3444 745 3514 conloqia
767 3445 808 3500 Αι
832 3443 955 3513 eolloqia
977 3443 1019 3496 A*

74 3515 202 3587 blemyes
221 3518 249 3572 A
266 3516 387 3586 blemyis
405 3535 421 3573 a
