2378 3930
371 174 553 234 OHOROGR.
572 176 614 232 111
632 183 648 232 s
667 179 793 246 (au-45)
1052 176 1095 242 65

72 343 259 424 iterumque
323 360 491 424 rcampos
514 339 632 405 tacitus
655 342 690 405 et
711 338 766 403 vix
783 338 919 404 fluens
909 360 945 403 m
962 337 996 403 id
1014 339 1055 404 lit
1040 343 1094 406 tus

74 430 228 496 elabitur.
278 361 365 512 gem
366 450 382 492 s
411 432 444 493 et
471 425 651 530 Cambyses
684 449 724 492 er
754 427 916 492 radicibus
944 424 1094 493 Coraxici
1112 442 1147 491 41

73 517 197 585 montis
219 516 335 582 vicinis
353 515 425 583 font
425 516 498 582 ibus
518 515 595 581 edi
570 519 598 581 1
619 516 655 580 in
673 515 802 581 diversa
821 516 952 601 abeunt,
973 537 1094 601 perque

73 606 217 673 Hiberas
240 607 274 671 et
290 603 462 690 Hyrcanos
485 604 541 671 diu
559 608 593 670 et
611 604 752 670 multum
775 604 898 669 distant
898 567 983 669 ibds
992 605 1094 671 alveis

45 695 237 777 odefluunt,
264 699 341 778 post
366 714 432 759 non
455 693 553 778 longe
581 715 601 758 a
627 693 712 758 mari
734 693 847 757 eodem
874 693 948 758 lacu
971 694 1095 778 accepti

73 784 110 851 iu
126 782 330 868 Hyrcanium
352 782 460 848 sinum
478 803 544 847 uno
567 802 624 846 ore
641 781 845 866 perveniunt.
890 780 1036 847 Iaxartes
1061 786 1094 847 et
1114 797 1148 845 42

74 871 165 939 Oxos
187 892 247 956 por
268 870 398 936 deserta
416 868 569 955 Scythiae
591 891 630 935 ex
648 868 888 955 Sugdianorum
906 870 1095 956 regionibus

74 961 110 1026 in
133 958 324 1044 Scytbicum
347 962 477 1042 exeunt,
503 958 561 1023 ille
589 980 649 1025 suo
676 958 767 1024 fonte
791 959 938 1043 grandia
965 958 1018 1023 hio
1046 959 1096 1024 in-

75 1071 172 1116 cursu
194 1048 335 1114 aliorum
353 1047 518 1133 grandior,
540 1051 574 1113 et
596 1047 795 1131 aliquamdiu
818 1047 858 1113 ad
881 1068 1031 1112 occasum
1054 1049 1095 1113 ab

34 1155 62 1196 ιο
75 1137 209 1204 oriente·
220 1157 393 1203 occurrens
415 1137 509 1202 iuxta
524 1135 637 1202 Dahas
657 1136 800 1220 primum
818 1135 1003 1220 inflectitur,
1026 1158 1096 1203 cur-

73 1247 178 1310 suque
204 1225 247 1292 ad
279 1224 535 1310 septentrionem
568 1246 723 1290 converso
755 1224 842 1290 inter
869 1224 1030 1291 Amardos
1063 1229 1096 1290 et

72 1313 228 1380 Paesioas
251 1336 288 1381 os
311 1314 425 1399 aperit.
472 1313 573 1379 silvae
597 1313 662 1378 alia
689 1334 817 1398 quoque
841 1313 913 1378 dira
938 1313 1095 1380 animalia
1114 1329 1148 1376 43

73 1424 188 1469 verum
226 1406 260 1467 et
295 1403 398 1488 tigres
433 1401 543 1467 ferunt
578 1402 690 1486 utique
723 1401 925 1486 Hyrcaniae,
962 1423 1095 1469 saevum

73 1491 221 1557 ferarum
252 1512 357 1577 genus
389 1494 424 1556 et
454 1512 558 1574 usque
595 1512 632 1556 eo
665 1490 796 1575 pernix,
833 1494 870 1555 ut
900 1490 967 1556 illis
998 1492 1096 1576 longe

35 1595 206 1665 equoque
241 1600 470 1665 praegressum
507 1579 649 1663 equitem
685 1579 839 1663 consequi
875 1601 935 1644 nec
965 1583 1096 1645 tantum

74 1669 180 1734 semel
203 1668 260 1733 sed
283 1668 480 1752 aliquotiens
504 1668 604 1733 etiam
627 1689 723 1733 cursu
745 1668 830 1732 unde
854 1668 1000 1752 coeperit
1022 1669 1095 1734 sub·

75 1757 153 1823 inde
180 1757 319 1840 repetito
343 1755 477 1823 solitum
503 1759 537 1821 et
563 1756 658 1823 facile
686 1757 739 1822 sit.
784 1778 883 1823 causa
910 1778 1011 1822 exeo
1035 1761 1096 1842 est,

75 1844 165 1931 quod
193 1845 249 1910 ubi
275 1845 332 1910 ille
359 1845 559 1929 interceptos
588 1867 699 1910 earum
728 1847 853 1912 catulos
877 1845 961 1911 citus
990 1847 1098 1929 coepit

75 1933 226 2016 avehere,
245 1936 279 1999 et
296 1933 422 1999 rabiem
441 1933 771 2018 adpropinquantium
789 1936 862 1999 astu
880 1933 1097 1999 frustraturus

35 2040 180 2089 wuaum
203 2021 242 2087 de
264 2022 412 2105 pluribus
435 2022 562 2105 omisit,
588 2022 651 2087 hae
673 2021 852 2107 proiectum
877 2021 1042 2105 excipiunt
1065 2027 1099 2088 et

76 2110 121 2177 ad
144 2109 265 2176 cubilia
283 2132 343 2175 sua
363 2109 517 2189 referunt,
539 2131 733 2194 rursumque
751 2114 784 2175 et
803 2110 932 2193 saepius
951 2114 1098 2175 remeant

76 2202 177 2282 atque
195 2198 282 2264 idem
300 2198 454 2283 efficiunt,
472 2199 574 2265 donec
592 2199 634 2264 ad
650 2198 874 2284 frequentiora
892 2220 989 2284 quam
1009 2199 1098 2265 adire

76 2286 222 2353 audeant
239 2287 398 2372 profugus
416 2290 530 2371 raptor
549 2288 674 2354 evadat.
705 2289 795 2353 ultra
813 2285 970 2373 Caspium
990 2288 1096 2354 sinum
1115 2305 1150 2353 44

78 2375 235 2460 quidnam
253 2380 340 2441 esset
357 2376 549 2461 ambiguum
567 2377 767 2462 aliquamdiu
784 2377 858 2461 fuit,
880 2376 1008 2442 idemne
1027 2399 1098 2443 oce·

36 2481 64 2522 ιι
79 2486 163 2530 anus
186 2486 230 2529 an
251 2465 351 2530 tellus
373 2463 493 2530 infesta
514 2465 693 2550 frigoribus
722 2468 792 2531 sine
816 2465 943 2532 ambitu
967 2488 1004 2530 ac
1028 2466 1097 2531 sine

78 2553 145 2619 fine
181 2553 335 2639 proiecta.
395 2553 451 2619 sed
493 2558 624 2636 praeter
662 2554 816 2639 physicos
857 2554 1099 2639 Homerumque
1117 2567 1152 2618 45

78 2641 268 2707 universum
311 2642 422 2707 orbem
464 2643 548 2707 mari
588 2643 820 2709 circumfusum
857 2663 927 2708 esse
969 2643 1099 2708 disserit

80 2726 253 2795 Cornelius
276 2727 388 2814 Nepos
415 2733 453 2795 ut
474 2731 650 2816 recentior,
677 2733 872 2797 auctoritate
895 2731 942 2796 sio
967 2732 1098 2815 certior,

153 2962 180 3010 2.
195 2955 299 3010 oorxior
290 2955 336 3011 'A
347 2955 474 3011 Coraxici
486 2973 507 3012 a
544 2962 586 3013 ’.3
598 2956 669 3012 editi
682 2956 733 3011 ιι·
724 2974 755 3011 ιιι
764 2958 792 3012 A
806 2956 900 3012 editi'
891 2975 922 3012 ιιι
936 2957 1100 3014 Oioccooiuo

116 3031 143 3081 4.
157 3026 530 3107 byrcaniosAHyreanosc
566 3028 762 3084 &laxantem
804 3034 864 3085 ιι
880 3030 909 3084 ιι
921 3046 973 3099 per
987 3029 1099 3084 deserta

82 3095 211 3166 scythiae
230 3114 298 3153 oxos
316 3098 358 3152 A¹
377 3099 407 3153 et
424 3114 492 3153 oxos
510 3115 562 3168 per
580 3099 692 3154 deserta
710 3098 838 3167 scythiae
851 3098 964 3156 A²7
966 3100 1100 3156 ‚sardia

81 3183 183 3222 norum
200 3168 229 3223 A
248 3169 307 3238 Sug
308 3168 454 3226 dianorum
471 3170 638 3226 Reiuoldius
710 3177 734 3225 9.
754 3169 939 3251 aliquansydiu
956 3173 984 3226 A
1057 3178 1099 3226 12.

82 3237 177 3307 aperit
194 3239 236 3292 A¹
258 3187 384 3310 apgeritur
401 3239 442 3294 A’
516 3248 557 3296 19.
577 3239 865 3322 adpropinquantium
887 3242 929 3295 A¹
947 3241 1099 3314 appropin-

82 3308 231 3376 quantium
252 3311 294 3365 A’
365 3316 407 3366 20.
428 3311 539 3366 omissis
557 3314 586 3365 A
609 3311 705 3366 omisit
727 3329 748 3367 ro
820 3318 862 3368 21
885 3316 1050 3368 remaneant
1071 3314 1100 3368 A

82 3382 210 3435 remeant
231 3398 251 3436 oc
323 3388 366 3439 22.
385 3382 415 3435 at
435 3398 470 3436 ue
488 3382 530 3436 A¹
552 3399 621 3439 corr.
694 3390 737 3438 24
756 3381 795 3438 ali
796 3383 985 3455 quanlldiuA
1056 3391 1099 3440 27.

83 3449 215 3504 dixerunt
232 3453 260 3505 A
280 3452 393 3506 disserit
381 3401 526 3511 tdmtr'ua
550 3453 730 3512 Wochsmulh

125 3547 266 3605 mmmm
280 3550 350 3592 Meu
946 3549 968 3599 b
