2378 3930
99 194 144 275 30
446 191 625 248 1011101111
641 191 768 249 unam

97 357 181 421 tium
208 355 368 429 differrmt
414 353 599 423 Essedones
625 355 740 422 funera
766 356 951 440 parentium
979 355 1058 422 laeti
1084 360 1118 422 et

97 443 249 509 victimis
264 463 302 508 ao
320 442 403 511 festo
423 443 512 510 coitu
529 442 740 510 familiarium
760 444 933 514 celebrant
978 465 1117 529 corpora

98 533 171 617 ipsa
188 530 312 599 laniata
329 536 363 597 et
380 532 484 599 caesis
503 553 657 616 pecorum
674 533 854 601 visceribus
871 533 1021 598 immixta
1038 554 1115 618 epu-

98 621 196 687 lando
224 625 446 687 consumunt..
474 620 584 705 capita
610 620 667 686 ubi
693 620 788 686 fabre
810 622 1006 704 expolivere,
1035 643 1115 687 auro

97 709 210 775 vincta
231 730 292 794 pro
314 709 440 793 poculis
463 713 589 794 gerunt
635 708 715 775 haec
738 713 816 774 sunt
838 709 924 794 apud
945 731 1001 776 eos
1024 710 1114 794 ipsos
1143 724 1158 766 ⁵

46 813 80 862 10
97 797 232 881 pietatis
246 797 364 863 ultima
378 797 494 864 officia
526 797 710 882 Agathyrsi
729 820 788 864 ora
800 801 954 884 artusque
966 799 1116 884 pingunt,

98 891 136 952 ut
160 886 279 970 quique
301 885 478 951 maioribus
501 889 684 970 praestant,
712 886 760 952 ita
783 886 891 970 magis
915 886 1115 953 autminus:

99 979 243 1040 ceterum
266 973 369 1040 isdem
392 995 503 1039 ornnes
526 975 614 1040 notis
638 976 741 1041 etsie
767 979 805 1039 ut
821 974 918 1040 ,ablui
940 979 1116 1060 nequeant.

99 1062 274 1129 Satarchae
298 1062 370 1127 auri
393 1063 584 1147 argentique
608 1064 824 1129 maximarum
842 1063 984 1147 pestium
1006 1063 1115 1150 ignari

98 1153 169 1216 vice
195 1172 314 1218 rerum
328 1151 522 1216 commercia
545 1156 708 1233 exercent,
736 1155 834 1235 atque
858 1153 899 1217 ob
926 1173 1023 1217 saeva
1045 1151 1113 1216 hie·
1128 1168 1157 1208 10

98 1241 161 1306 mis
186 1239 360 1305 admodum
383 1238 551 1323 adsiduae,
579 1239 766 1306 demersis
756 1262 791 1304 1n
813 1239 948 1305 humum
974 1239 1115 1323 sedibus,

99 1350 212 1431 specus
228 1321 294 1394 aut
316 1328 455 1393 suffossa
472 1327 635 1413 habitant,
657 1331 764 1394 totum
788 1328 914 1394 bracati
932 1349 1100 1412 eorpus,e
1082 1331 1116 1392 et

46 1433 76 1482 11
98 1417 163 1482 nisi
189 1439 253 1500 qua
279 1415 390 1481 vident
416 1416 516 1481 etiam
544 1438 602 1482 ora
630 1417 750 1482 vestiti.
795 1415 895 1482 Tauri
913 1416 1115 1502 Iphigeniae

98 1503 284 1570 etOrestis
312 1504 451 1570 adventu
480 1505 621 1570 maxime
649 1505 860 1570 memorati
850 1527 1009 1571 namanes
1038 1508 1115 1571 sunt

98 1594 258 1678 moribus,
284 1592 669 1677 immanemquefamam
691 1593 815 1660 habent
839 1594 943 1660 solere
965 1615 1025 1677 pro
1049 1594 1113 1658 vio
1128 1608 1155 1650 1⁵

98 1683 188 1746 timis
204 1680 343 1747 advenas
359 1681 502 1747 caedere.
538 1681 693 1747 Basilidis
708 1683 749 1747 ab
764 1680 906 1747 Hercule
919 1685 953 1748 et
965 1681 1115 1757 Echidna

98 1770 226 1855 generis
241 1769 401 1853 principia
420 1774 504 1854 sunt,
480 1770 633 1835 tmored
647 1771 740 1855 regii,
758 1792 850 1835 arma
863 1774 994 1836 tantum
1013 1771 1114 1855 sagit

98 1863 161 1924 tae.
206 1858 284 1944 vagi
306 1855 469 1923 Nomades
492 1879 646 1942 pecorum
671 1859 794 1942 pabula
822 1864 988 1943 secuntur,
1016 1863 1114 1944 atque

98 1950 135 2010 ut
161 1946 220 2012 illa
248 1947 439 2012 durantita
404 1946 521 2011 tdiu
554 1950 673 2012 statam
703 1947 812 2012 sedem
840 1952 950 2033 agunt
1002 1948 1115 2014 colunt

98 2032 220 2120 Georgi
252 2038 465 2119 exercentque
496 2056 603 2118 agros
652 2036 790 2102 Asiaoae
822 2036 925 2101 furari
958 2035 1035 2120 quid
1069 2037 1114 2102 sit
1128 2051 1154 2092 2⁰

97 2123 263 2208 ignorant,
290 2123 426 2207 ideoque
449 2145 509 2189 nec
531 2146 592 2189 sua
613 2124 801 2189 custodiunt
786 2127 883 2189 tnec
908 2124 1015 2190 aliena
1039 2146 1113 2191 eon·

45 2226 78 2277 11
98 2211 240 2295 tingunt
268 2213 404 2277 interius
414 2211 508 2278 habit
509 2213 635 2278 antium
648 2213 732 2277 ritus
747 2213 899 2297 asperior,
913 2218 947 2298 et
961 2212 1114 2282 incultior

98 2299 188 2384 regio
213 2303 272 2364 est.
313 2300 401 2364 bella
424 2299 600 2383 caedesque
619 2305 740 2384 amant,
763 2323 897 2402 mosque
916 2301 1113 2367 1111111111-

97 2387 199 2466 tibus,
228 2408 375 2451 cruorem
399 2388 468 2452 eius
491 2388 750 2540 quamprimum
773 2389 1040 2457 interemerunt
1029 2391 1111 2474 rpsis

99 2497 136 2540 ex
160 2437 349 2541 vdlneribus
372 2476 576 2541 ebibereu
554 2477 749 2561 utquisque
776 2478 886 2561 plures
910 2479 1151 2545 interemerit2⁵

97 2565 145 2631 ita
167 2568 252 2665 aput·
270 2585 325 2629 eos
348 2562 488 2629 habetur
449 2564 661 2649 maximius,
684 2570 828 2632 ceterum
853 2571 1016 2651 expertem
1041 2589 1113 2633 esse

98 2652 205 2717 caedis
242 2651 328 2716 inter
364 2643 538 2736 opprobria
574 2653 626 2719 vel
663 2655 849 2720 maximum.
902 2678 944 2721 ne
979 2655 1113 2721 foedera

98 2739 228 2824 quidem
256 2740 424 2806 incruenta
452 2745 540 2825 sunt;
575 2743 722 2808 sauciant
749 2765 783 2808 se
814 2743 869 2828 qui
896 2743 1111 2828 paciscuntur,

98 2831 346 2913 exemptumque
374 2830 566 2914 sanguinem
599 2830 655 2895 ubi
682 2831 898 2915 permiscuere
928 2832 1110 2918 degustant.

45 2935 77 2985 13
97 2917 130 2982 id
157 2919 276 3001 putant
302 2939 473 2983 mansurae
500 2918 573 2983 fidei
601 2919 720 3002 pignus
749 2921 974 2986 certissimum.
1024 2921 1111 2986 inter
1124 2937 1151 2978 ³⁰

168 3117 193 3165 2.
208 3107 379 3162 familiarum
392 3109 420 3162 A
433 3108 639 3165 familiariumo
695 3116 718 3164 1
733 3113 860 3180 praestat
873 3112 901 3165 A
951 3117 976 3165 9.
997 3110 1109 3164 sarthae

96 3181 124 3234 A
144 3180 295 3234 Satarchae
313 3180 464 3237 Piatiaaaa
519 3187 560 3236 10
580 3180 1110 3250 111111111111111.11111111111Αι

96 3250 208 3305 assidue
231 3249 273 3304 A²
353 3257 394 3306 11.
417 3249 556 3305 basilidiis
579 3252 607 3305 A
629 3250 762 3306 Basilidis
785 3271 802 3309 a
880 3250 1077 3377 111181έὶ)
1081 3252 1110 3305 A

98 3322 149 3392 (1
137 3341 169 3377 m
186 3338 241 3378 ras
256 3320 307 3391 A¹)
364 3327 404 3378 18.
419 3337 567 3404 pecorum·
571 3321 673 3378 durant
686 3323 714 3376 A
731 3339 865 3405 pecorum
884 3324 981 3379 deleuit
1022 3324 1110 3378 araas

168 3400 210 3449 24
235 3408 332 3447 cruore
350 3391 378 3447 A
454 3398 497 3448 11.
521 3391 647 3462 quisquis
670 3393 698 3449 A
725 3393 843 3463 quisque
871 3411 892 3450 a
968 3399 1010 3450 26.
1040 3393 1110 3463 aput

96 3467 136 3520 sic
153 3464 181 3519 A
