2378 3930
169 185 211 251 68
480 206 609 252 vocusrr
630 206 783 251 unucxnux
1008 184 1089 271 [lla]

168 340 281 404 scribas
308 360 343 402 ac
374 341 526 403 nomines:
566 342 718 421 quincunx
747 340 873 403 sicilicus
898 338 1086 409 rix-23

168 443 256 505 simili
285 444 363 505 enim
392 443 480 503 modo
508 444 690 522 quincunces
717 460 752 503 ac
777 440 881 504 sicilici
902 443 1087 523 multiplicati

168 551 269 624 septus
292 545 433 606 efficiunt.
457 540 538 626 [55]
561 550 647 607 octus
669 546 726 605 hac
749 551 817 605 nota
840 544 954 607 scribas
975 565 1011 608 ac
1033 566 1086 608 no-

168 649 277 707 mines:
306 649 396 708 semis
416 647 487 717 tls,
514 646 621 727 quibus
644 647 747 708 eodem
778 646 865 708 modo
887 647 1088 726 multiplicatis

134 757 151 805 ο
170 755 254 810 octus
276 750 418 827 reperies.
444 746 525 831 [bc]
550 766 647 809 nonus
675 748 730 810 bac
757 757 826 808 nota
848 749 962 812 scribas
985 749 1087 829 appel·

167 850 286 930 lesque:
322 852 411 914 semis
434 852 585 912 semuncia
608 848 735 911 sicilicus
756 849 902 917 ilSE),
930 860 963 911 ut
984 851 1087 913 simili·

168 963 212 1016 ter
242 956 303 1015 hac·
328 971 446 1032 quoque
469 960 555 1027 nota,
584 970 659 1031 quae
680 959 801 1013 vocatur
823 955 912 1013 semis
934 956 1087 1015 semuncia

167 1055 312 1127 sicilicus,
336 1053 525 1135 multiplicata
548 1071 644 1113 nonus
661 1055 802 1115 invenias.
826 1052 908 1135 [bt]
925 1055 1016 1117 decus
1031 1056 1087 1117 hac

167 1166 237 1219 ηοω
253 1155 365 1220 scribas
381 1164 468 1236 atque
484 1155 632 1214 nominos:
648 1164 774 1232 septunx
786 1159 936 1218 semuncia
948 1156 1086 1221 Χὸ-Σ;

118 1264 150 1314 10
169 1268 343 1341 septuncem
372 1275 488 1337 quoque
517 1275 552 1316 ac
575 1257 755 1316 semunciam
778 1259 885 1319 totiens
907 1260 932 1320 si
955 1259 1085 1330 duxeris,

169 1363 260 1423 decus
283 1360 401 1422 elicies.
432 1356 505 1441 [58]
529 1357 706 1418 undeciaere
729 1359 785 1419 hac
807 1366 875 1420 nota
899 1360 1011 1422 scribas
1033 1382 1086 1443 ap-

166 1461 332 1543 pellesque:
363 1461 416 1523 bes
444 1459 572 1522 sicilicus
599 1456 743 1529 ※S‡);
778 1479 846 1520 nam
875 1461 929 1523 bes
955 1462 1086 1526 sicilicus

167 1566 275 1625 totiens
304 1564 382 1625 ducti
410 1562 587 1624 undeciaere
616 1560 756 1623 efficiunt.
782 1558 863 1643 [59]
887 1563 1085 1627 duodeciaere

166 1667 222 1727 hac
251 1673 320 1727 nota
350 1665 462 1727 scribas
491 1683 525 1725 ac
553 1682 654 1723 voces:
685 1663 814 1726 dodrans
841 1664 996 1736 ※SZ·;
1032 1668 1085 1728 do·

116 1771 148 1820 15
166 1768 288 1828 drantes
309 1767 413 1829 eodem
435 1766 523 1828 modo
547 1767 706 1842 computati
728 1765 925 1828 duodeciaere
940 1770 1083 1831 efficiunt.

167 1867 248 1952 [60]
265 1871 444 1932 tredeciaere
466 1869 522 1929 hac
545 1875 613 1927 nota
635 1866 748 1928 scribas
768 1887 929 1949 vocesque:
953 1870 1085 1932 dodrans

166 1975 317 2034 semuncia
344 1970 471 2033 sicilicus
492 1970 549 2034 tls
566 1967 715 2035 .“.-Σ);
745 1956 938 2032 dodrantibus
963 1991 1083 2033 semun-

167 2077 219 2135 ciis
242 2074 360 2137 sicilicis
384 2074 485 2135 eadem
507 2075 622 2134 ratione
644 2071 843 2150 multiplicatis
867 2074 1008 2136 tredecim
1035 2093 1082 2136 as·

166 2195 213 2237 ses
242 2178 360 2237 cilicias.
386 2174 466 2256 [ot]
490 2175 764 2255 quattuordeciacre
792 2174 848 2234 hac
876 2183 945 2235 nota
968 2175 1083 2238 scribas

115 2294 149 2344 ao
167 2298 201 2338 ac
216 2297 316 2338 voces:
340 2278 462 2338 dextans
482 2262 631 2337 semuncia
645 2272 844 2345 *8:22
868 2277 1021 2338 dextantes
1036 2296 1082 2339 se·

166 2382 360 2457 munciacqnc
383 2379 509 2439 sedecim
533 2396 625 2456 aeque
649 2378 924 2457 quattuordeciaerc
940 2380 1080 2440 efficiunt.

167 2477 247 2561 [62]
264 2480 470 2557 quindcciaere
486 2479 541 2540 hac
557 2487 624 2539 nota
641 2479 755 2540 scribas
771 2486 799 2540 et
814 2479 958 2559 appelles:
982 2481 1081 2542 deunx

165 2581 292 2642 sicilicus
314 2579 530 2651 asli-m
559 2583 657 2642 deunx
685 2600 803 2661 quoque
826 2600 860 2641 ac
883 2581 1012 2644 sicilicus
1034 2601 1081 2643 se·

166 2685 264 2745 decies
288 2685 368 2745 ducti
391 2683 598 2764 quindeciaere
620 2683 760 2743 elficiunt.

114 2853 147 2902 25
230 2835 310 2917 [63]
327 2837 563 2916 lngcniosissime
586 2842 698 2905 autem,
723 2854 790 2896 curn
808 2835 844 2895 ad
860 2837 1015 2897 denarium
1031 2855 1081 2898 ra·

165 2939 205 2998 tio
235 2940 444 3008 conficeretur,
474 2939 658 2999 excurrentis
686 2939 763 2998 aeris
791 2947 858 2997 nota
884 2940 1002 2998 inventa
1025 2948 1079 3009 est,

166 3057 241 3117 quae
263 3041 393 3101 sedecies
416 3038 605 3118 multiplicata
627 3040 657 3099 id
681 3039 824 3101 ellicerct:
846 3056 913 3099 narn
937 3058 1005 3101 cum
1028 3038 1080 3100 de·

165 3142 240 3201 narii
256 3151 324 3202 nota
340 3142 573 3220 praescribatur,
598 3160 681 3220 exque
697 3140 920 3219 subiniungatnr
935 3142 1012 3202 aeris
1028 3160 1078 3202 ex-

166 3246 312 3304 currentis
334 3254 418 3313 nota,
441 3245 627 3305 manifestum
652 3251 695 3304 est
718 3261 782 3305 earn
798 3242 950 3303 sedeciens
966 3243 1080 3304 ducen-

115 3361 148 3412 30
166 3343 232 3405 darn
256 3363 292 3405 ex
315 3344 499 3406 adnotatione
523 3346 642 3406 denarii.

216 3586 242 3639 4.
261 3583 317 3639 Η
334 3605 382 3641 om.
405 3588 469 3641 cin
490 3589 586 3639 lacuna
665 3582 709 3635 aa.
728 3580 912 3642 subiungatur
933 3579 973 3627 Bb
