2378 3930
99 198 144 264 56
182 164 186 175 '
453 193 600 251 nmncn
617 193 758 250 rnnrcrs

98 347 210 409 tamen
235 342 291 428 qui
317 344 428 427 potest
454 361 579 425 pauper
601 360 673 404 esse
696 341 753 424 qui
774 361 840 404 non
863 343 947 424 eget,
971 340 1115 424 quinon

99 433 206 498 inhiat
232 432 353 517 alieno,
380 430 436 516 qui
463 429 523 494 deo
547 427 637 493 dines
666 426 738 493 est?
775 427 882 513 magis
908 449 1036 513 pauper
1062 429 1115 493 ille

98 524 162 604 est,
189 520 246 605 qui
274 541 347 585 curn
374 519 478 583 multa
509 517 643 599 lrabeat,
674 516 770 601 plura
801 515 965 582 desiderat
995 520 1113 582 tamen.

63 625 80 676 c
99 609 204 676 dicam
225 606 498 693 quemadmodum
521 604 640 670 sentio:
662 626 758 670 nemo
776 607 846 670 tam
864 627 989 689 pauper
1006 609 1115 689 potest

99 719 169 764 esse
194 719 292 782 quarn
314 700 412 762 natus
434 698 493 760 est.
530 715 607 759 aues
630 693 700 758 sine
721 695 918 778 patrimonio
942 695 1062 760 uiuunt
1083 698 1115 759 et
1137 716 1149 757 5

98 787 133 851 in
156 785 243 853 diem
264 789 451 870 pascuntur.
488 783 624 847 ethaeo
647 803 769 868 pascua
790 782 886 847 nobis
904 786 1019 847 tamen
1038 787 1115 848 nata

99 879 187 959 sunt,
214 875 271 958 qui
298 873 421 957 omnia,
448 871 477 937 si
504 892 573 936 non
602 871 874 955 concupiscimus,
900 871 1114 956 possidemus.

63 964 200 1048 sigitur
222 965 260 1026 ut
282 962 338 1047 qui
360 962 449 1025 uiam
471 959 550 1024 terit
572 981 610 1024 eo
628 957 756 1025 felicior
776 981 839 1044 quo
857 959 964 1025 leuior
984 959 1115 1044 incedit,

97 1052 145 1117 ita
168 1052 295 1117 beatior
317 1051 351 1115 in
378 1050 440 1115 hoc
466 1048 584 1113 itinere
606 1047 752 1131 uiuendi,
780 1049 835 1132 qui
863 1051 1058 1132 paupertate
1081 1071 1115 1114 se

62 1160 78 1207 r
98 1141 255 1222 subleuat,
277 1160 345 1204 non
363 1139 423 1203 sub
442 1136 631 1202 diuitiarum
649 1157 747 1203 onere
767 1136 921 1219 suspirat.
951 1139 986 1201 et
1002 1141 1113 1202 tamen
1127 1158 1150 1198 rc

97 1228 278 1311 facultates,
300 1228 330 1292 si
348 1227 445 1291 utiles
468 1228 667 1309 putaremus,
690 1247 711 1289 a
728 1224 788 1290 deo
807 1245 1032 1308 posceremus:
1054 1225 1114 1290 nti·

98 1339 160 1402 que
191 1315 359 1399 indulgere
391 1317 504 1397 posset
540 1313 759 1397 aliquantum,
791 1312 882 1378 cuius
915 1316 967 1377 est
997 1317 1115 1381 totum.

98 1404 154 1469 sed
181 1424 241 1468 nos
269 1406 477 1467 contemnere
500 1403 663 1468 malumus
688 1422 766 1486 opes
791 1422 888 1486 quam
911 1401 1114 1488 contingere:

96 1491 316 1557 innocentiam
337 1489 445 1577 magis
466 1491 624 1575 cupimus,
647 1491 754 1576 magis
773 1489 967 1574 patientiam
985 1490 1113 1577 flagita·

97 1602 183 1664 mus,
215 1580 376 1645 malumus
408 1601 469 1645 nos
499 1579 604 1647 bonos
639 1601 711 1644 esse
743 1600 843 1662 quam
874 1579 1041 1662 prodigos.
1082 1583 1116 1646 ot
1128 1600 1152 1641 15

97 1668 184 1753 qnod
208 1669 351 1753 corporis
374 1668 511 1734 humani
533 1668 615 1734 uitia
640 1667 798 1733 sentimus
817 1670 852 1732 et
870 1668 1025 1751 patimur,
1047 1690 1115 1735 non

60 1762 148 1826 sest
174 1779 294 1841 poena,
321 1757 440 1822 militia
463 1761 523 1822 est.
563 1755 722 1822 fortitudo
747 1756 891 1820 enimin
913 1756 1114 1822 infirmitati-

97 1847 157 1910 bus
180 1847 354 1912 roboratur
377 1849 412 1909 et
434 1846 604 1911 calamitas
629 1844 759 1928 saepius
783 1844 956 1928 disciplina
978 1845 1114 1910 uirtutis

97 1939 156 2000 est
197 1935 283 2000 uires
311 1933 448 2018 denique
471 1938 504 1999 et
526 1934 645 1999 mentis
670 1936 703 1997 et
726 1933 869 2016 corporis
893 1932 964 1998 sine
986 1933 1114 1998 laboris

97 2023 326 2089 exercitatione
345 2026 544 2107 torpescunt.
573 2044 686 2088 omnes
707 2020 788 2086 adeo
803 2022 905 2085 uestri
920 2022 983 2085 uiri
1002 2022 1115 2105 fortes,
1130 2045 1155 2083 ro

97 2134 179 2197 quos
207 2114 242 2176 in
271 2112 455 2196 exemplum
483 2112 693 2196 praedicatis,
721 2111 885 2175 aerumnis
909 2111 976 2174 suis
998 2111 1117 2194 inclyti

61 2220 77 2269 9
96 2201 285 2266 floruerunt.
321 2202 431 2284 itaque
455 2205 488 2266 et
510 2200 607 2266 nobis
631 2200 710 2263 deus
733 2220 791 2263 nec
814 2220 881 2262 non
904 2202 1017 2282 potest
1041 2200 1115 2263 sub·

96 2291 207 2354 uenire
239 2311 298 2354 neo
331 2288 483 2372 despicit,
516 2311 589 2354 curn
622 2288 666 2352 sit
697 2291 730 2351 et
762 2288 907 2352 omnium
940 2291 1048 2353 rector
1082 2293 1116 2353 et

96 2382 223 2442 amator
251 2397 397 2460 suorum,
425 2379 481 2442 sed
505 2377 567 2458 [in]
593 2376 738 2440 aduersis
767 2397 1031 2460 unumquemque
1060 2398 1115 2440 ex-

94 2465 204 2548 plorat
235 2468 268 2528 et
300 2467 478 2548 examinat,
513 2464 682 2549 ingenium
719 2465 922 2548 singulorum
958 2465 1112 2547 periculis
1128 2486 1155 2527 rs

94 2553 248 2638 pensitat,
270 2575 373 2637 usque
397 2555 437 2619 ad
462 2558 642 2618 extremam
665 2557 805 2617 mortem
828 2553 1031 2618 uoluntatem
1055 2553 1115 2618 ho-

94 2642 191 2705 minis
215 2642 406 2727 sciscitatur,
432 2642 516 2708 nihil
539 2643 603 2707 sibi
626 2662 721 2726 posse
743 2642 849 2725 perire
873 2663 1015 2706 securus.
1052 2642 1115 2706 ita·

95 2751 156 2815 que
175 2734 211 2794 ut
230 2753 345 2795 aurum
364 2733 507 2817 ignibus,
531 2731 578 2795 sic
595 2752 656 2795 nos
677 2729 916 2794 discriminibus
936 2730 1114 2814 arguimur.

44 2819 192 2902 tiquam
210 2818 382 2901 pulchrum
402 2820 621 2905 spectaculum
636 2819 704 2901 dec,
723 2841 796 2883 oum
812 2816 1019 2883 Christianus
1040 2841 1115 2883 cum

94 2908 204 2972 dolore
228 2908 441 2991 congreditur,
471 2931 543 2973 cum
569 2908 739 2974 aduersum
767 2907 872 2971 minas
896 2911 928 2971 et
952 2909 1114 2991 supplicia
1129 2929 1155 2970 n

164 3123 180 3170 3
201 3114 250 3184 qui
269 3115 421 3170 Wowerns:
440 3116 503 3185 quis
522 3118 604 3186 2113,
624 3120 641 3169 4
660 3119 757 3170 tamen
776 3115 868 3170 dicam
886 3117 999 3184 scripsi:
1019 3116 1113 3171 dicam

92 3190 187 3242 tamen
200 3192 221 3239 Ρ
234 3188 273 3256 ut
293 3185 323 3240 in
342 3185 417 3240 diem
438 3203 544 3257 pascua
561 3191 715 3255 pascuntur
733 3189 761 3241 et
779 3187 849 3241 haec
868 3187 948 3241 nobis
967 3189 1064 3241 tamen
1077 3193 1111 3255 1'3

62 3319 64 3323 ¹
92 3275 205 3329 pascua,
223 3258 296 3327 qnod
313 3257 381 3312 delet
400 3256 524 3325 Ursinus,
544 3259 576 3311 in
594 3274 684 3326 pecua
702 3263 790 3312 mntat
810 3257 946 3326 Gelenius,
960 3257 1114 3327 posthaec

92 3331 189 3385 traieci
198 3328 232 3401 ll⁷
253 3327 302 3396 qui
317 3329 493 3383 Perizonius:
513 3328 658 3399 quael’llss
678 3327 798 3400 felicior]
818 3327 908 3384 nonne
926 3328 1093 3397 pernicior?
1103 3331 1114 3402 ll

93 3407 109 3455 9
128 3399 224 3455 itineri
241 3405 262 3452 P
279 3417 313 3454 nt.
328 3401 368 3470 111
383 3404 415 3452 13
436 3399 577 3453 continere
592 3404 620 3465 Ρ,
640 3416 708 3454 corr.
727 3399 854 3455 Oeblerns
867 3401 877 3468 l
892 3404 924 3453 16
945 3399 1068 3454 humana
1082 3405 1113 3471 Ρ,

92 3488 160 3527 corr.
180 3471 363 3526 Henmnnnns
380 3472 390 3541 ΙΙ
409 3475 442 3524 17
461 3470 489 3523 in
509 3471 619 3524 addidit
642 3469 758 3526 Ursinus
776 3477 786 3540 n
806 3477 841 3525 24
859 3471 889 3524 in
907 3470 1016 3526 seclusit
1035 3471 1111 3526 Hen-

91 3558 225 3610 nrannnc,·
244 3560 282 3596 an
301 3543 365 3598 latet
382 3548 415 3596 tri
434 3567 467 3586 =
486 3539 610 3594 tamen?
