2378 3930
314 223 515 268 supremorum
532 224 693 279 nouenos.
919 204 961 271 27

43 361 163 417 medium
188 359 278 417 allerrl
303 367 412 435 potest,
439 361 573 417 inscitiam
595 361 727 419 Prisciani
749 362 962 426 etdautlabilem

46 445 197 502 doctrinam
213 444 287 501 illius
309 446 355 518 qui
372 444 425 502 boc
441 442 549 502 carmen
565 447 676 519 scripsit
692 448 801 504 minime
817 448 963 509 convenire

45 531 73 585 in
89 544 174 585 unum
185 528 333 599 bominem,
346 528 461 586 alterum
478 530 563 604 igitur
577 530 714 586 diversum
730 548 791 588 esse
808 530 842 587 ab
857 530 961 588 altero?

111 612 208 668 Verum
231 614 283 669 iam
297 614 325 668 in
342 613 395 669 boc
410 616 615 688 acquiescamus
630 631 730 671 nomen
745 616 891 688 scriptoris
906 632 962 672 non

45 713 106 754 esse
128 705 239 761 notum;
267 697 335 754 illud
356 705 446 754 autem
469 715 648 774 quaeramus,
674 712 839 775 quoeunque
865 702 888 756 is
913 716 963 755 no·

47 783 119 838 mine
134 781 232 854 luerit,
248 784 383 838 meritone
399 799 449 856 pro
466 781 539 840 bono
555 791 667 841 auctore
682 782 823 840 habeatur.

105 865 181 922 Brevi
206 866 317 922 exordio
334 861 382 940 (vs.
399 866 491 939 1-5)
506 874 606 941 poeta,
629 883 691 925 cum
708 868 830 925 declarat
845 882 875 922 se
894 884 964 942 pou·

1 973 3 977 ·
45 951 108 1008 dera
124 966 193 1025 quae
208 950 418 1007 medicorum
438 952 465 1005 in
482 950 558 1007 libris
575 953 751 1009 inveniuntur
764 952 963 1026 descripturum

45 1051 123 1105 esse,
147 1036 206 1109 ipse
227 1034 306 1091 nobis
328 1035 449 1092 ostendit
471 1035 525 1092 boc
542 1053 650 1094 carmen
666 1045 812 1110 cognatum
823 1052 886 1093 esse
903 1053 963 1092 curu

47 1119 147 1176 tabulis
162 1118 217 1175 illis
230 1117 339 1176 Graecis
356 1137 424 1194 quas
438 1120 612 1178 medicinales
625 1120 818 1195 appellavimus
826 1114 855 1193 ⁸).
882 1121 965 1176 Prac-

46 1212 119 1262 terea
140 1203 210 1260 idem
232 1204 265 1259 de
286 1204 417 1277 ponderis
440 1205 464 1260 vi
487 1206 602 1279 eiusque
618 1205 652 1261 ad
668 1222 776 1262 omnem
791 1205 884 1261 mundi
900 1222 965 1271 cou-v

45 1289 217 1345 stitutionem
239 1296 377 1344 momento
400 1297 463 1363 apte
486 1298 514 1345 et
529 1291 617 1364 perite
633 1307 718 1364 pauca
734 1285 964 1360 commemoratb,

109 1374 162 1429 lam
177 1375 294 1447 primum
312 1368 358 1446 (vs.
372 1371 486 1444 6-31)
503 1373 622 1431 Romana
637 1375 758 1448 pondera
774 1373 958 1441 illustrantur,

49 1458 210 1531 additurque
235 1457 263 1513 iu
289 1457 342 1513 fine
365 1459 471 1515 Atticae
498 1458 638 1515 cuiusdam
661 1458 745 1515 librae
770 1460 882 1515 mentio.
925 1456 963 1512 lbi

48 1543 121 1616 quod
142 1549 223 1616 poeta
238 1559 253 1598 a
274 1542 391 1598 minimis
408 1559 437 1598 se
453 1559 579 1598 orsurum
597 1559 658 1599 esse
676 1543 756 1614 dicit,
784 1550 858 1599 recte
873 1542 962 1597 imita·

48 1635 122 1683 tatur
142 1626 229 1682 bonos
250 1626 279 1680 iri
300 1644 332 1683 eo
358 1643 459 1700 genere
480 1634 607 1683 auctores
627 1623 780 1698 Graecos⁸).
821 1627 890 1683 ‘lum
910 1627 960 1681 mi·

46 1713 118 1767 nima
139 1711 261 1785 pondera
282 1711 433 1767 alleruntur
455 1710 640 1781 semiobolus,
671 1712 785 1782 oboluS,
815 1710 964 1784 scriplum3

47 1795 148 1870 scriplo
173 1804 262 1850 autem
287 1795 445 1879 tribuuntqr
462 1795 503 1851 vel
520 1813 567 1852 seu
582 1796 698 1869 sillquae
715 1796 755 1853 vel
772 1795 890 1852 sedecim
906 1793 965 1849 leu-

46 1882 82 1936 tis
106 1896 191 1954 grana
212 1878 252 1934 vel
274 1880 386 1935 totidem
409 1879 514 1952 speltae
535 1879 663 1952 lupluive.
693 1881 731 1936 Ex
751 1879 792 1935 bis
815 1882 843 1934 iu
859 1878 965 1951 vulgari

47 1982 98 2020 usu
123 1963 195 2037 apud
217 1963 352 2020 Romanos
381 1963 493 2027 luerunt
517 1961 633 2036 siliqua,
660 1962 773 2032 obolus,
800 1961 961 2035 scripulum,

48 2065 167 2123 quorum
193 2047 345 2119 ponderum
367 2050 440 2121 ipsas
463 2045 603 2119 legitimas
624 2047 744 2102 rationes
765 2046 849 2102 tradit
866 2052 964 2119 'poeto

45 2133 127 2188 Addit
148 2129 344 2201 semiobolum,
368 2130 434 2186 be.
457 2123 652 2203 ἡμιωβόλιον
667 2129 817 2200 Graecum,
844 2129 917 2204 quod
940 2129 967 2183 ln

49 2215 142 2273 tabula
156 2214 316 2287 Cleopatrae
333 2215 404 2272 iuter
418 2215 538 2288 pondera
554 2223 693 2289 receptum
708 2213 824 2287 legimus
840 2213 876 2288 (p.
893 2212 966 2282 234,

46 2300 107 2371 20).
142 2296 214 2366 Quae
231 2306 322 2355 autem
336 2308 479 2374 praetcrea
495 2298 605 2373 frugum
622 2316 706 2372 grana
721 2297 809 2370 allert,
826 2316 855 2355 ea
872 2298 966 2354 omnia

47 2385 80 2459 qd
103 2383 171 2440 illud
194 2385 334 2440 minimum
353 2384 461 2459 pondus
482 2384 632 2440 revocanda
654 2386 859 2458 esse'apparet,
888 2381 963 2456 quod

48 2464 188 2542 χαλκοῦ(
211 2467 310 2524 dicitur
329 2470 358 2524 iu
380 2468 474 2526 eadem
500 2468 590 2525 tabula
609 2462 806 2542 Cleopatrac⁹).
840 2467 966 2523 Ceterum

47 2562 120 2611 recte
144 2541 393 2625 scriptor‘monet,
412 2570 446 2610 ne
470 2554 532 2627 quis
554 2571 586 2609 er
608 2553 650 2609 bis
672 2551 794 2626 granulis
813 2560 917 2609 eertum
935 2566 967 2606 ac

49 2639 127 2712 quasi
155 2635 278 2694 naturale
306 2638 414 2712 pondus
440 2637 547 2694 definiri
574 2653 658 2712 posse
678 2638 831 2706 existimet,
857 2651 915 2707 ‚quo
938 2636 966 2689 ln

49 2739 143 2779 errore
168 2719 246 2776 multi
267 2723 362 2778 barum
388 2714 480 2778 rerum
507 2722 625 2778 studiosi
649 2722 769 2794 antiquis
797 2717 965 2793 temporibus

50 2855 252 2863 -—-—.-.-—.

116 2922 142 2984 6)
162 2923 241 2975 Conf.
261 2921 445 2970 Burmauuum
465 2920 544 2969 adh.
564 2920 593 2979 l.‚
618 2918 825 2981 Bernhardyum
848 2917 876 2965 in
899 2916 965 2965 hist.

47 2990 126 3043 Rom.
144 2991 199 3042 litt.
218 3007 244 3055 p.
264 2990 314 3038 535
333 2988 411 3050 (edit.
430 2987 472 3049 4),
492 2986 690 3036 Schenkelium
709 3002 735 3050 p.
756 2987 801 3035 60:
832 2985 879 3034 der
900 2984 966 3033 Ver·

48 3059 137 3121 [asser
154 3059 223 3106 batte
241 3056 294 3105 oieb
312 3072 357 3104 zur
371 3054 489 3119 Aufqabe
505 3056 620 3117 pestem,
636 3053 684 3115 fita
702 3054 856 3116 diejeniqrn,
874 3051 966 3099 melche

47 3129 130 3176 cillere
154 3123 328 3174 medioiolsobe
347 3121 451 3171 Bttcber
472 3121 633 3186 gebraucben
656 3122 709 3170 und
730 3120 795 3169 narb
813 3119 892 3167 deren
911 3118 966 3167 An·

48 3195 142 3257 leitunp
160 3192 337 3241 Arzneimittel
354 3189 467 3239 bereiten
484 3191 599 3252 women,
623 3189 665 3238 die
688 3191 714 3238 in
734 3187 858 3250 [rdderen
878 3185 967 3235 Zeiten

47 3261 183 3325 peltenden
202 3259 292 3308 Masze
310 3257 363 3306 und
381 3256 506 3308 Gewiedte
524 3272 687 3322 anqemeosen
710 3271 740 3304 zu
761 3252 897 3309 eritld‘rem
921 3253 967 3302 de-

48 3327 131 3393 nique
150 3341 200 3376 nos
219 3325 300 3376 vol.I
319 3341 344 3388 p.
362 3324 405 3383 65.

116 3394 142 3456 7)
169 3392 249 3444 Cous.
274 3391 381 3451 Ovidii,
413 3388 587 3452 Germanici,
617 3390 716 3441 Avieni
739 3402 835 3458 versus
860 3403 876 3436 a
899 3388 969 3436 Bur-

48 3477 149 3512 manno
169 3460 287 3525 aliisque
307 3460 415 3509 citatos.

108 3529 137 3591 8)
159 3529 187 3577 V.
209 3528 263 3580 vol.
283 3528 299 3579 l
315 3544 343 3595 p.
364 3529 407 3582 96.
426 3530 489 3582 228.
508 3530 574 3583 240.
592 3529 660 3581 ‘le

102 3596 129 3656 9)
147 3595 221 3646 Ibid-
239 3612 269 3662 p·
292 3599 352 3653 125.
374 3601 437 3669 235,
459 3603 483 3656 1.
524 3599 615 3656 Comi.
630 3602 795 3668 praeterea.
810 3579 964 3653 pfl-⁴2⁴2&
984 3573 1028 3619 ux.
