2378 3930
393 182 595 257 accrescens
611 215 779 259 Romanos.
1004 198 1048 263 15

109 353 199 408 secuti
217 350 412 407 Laelrmauuus
435 360 464 407 et
486 348 703 429 llommseuus⁶l
723 352 796 411 hunc
819 354 922 411 librum
941 356 973 412 de
989 374 1052 414 asse

109 436 197 494 eidem
209 433 294 493 Balbo
308 435 468 492 tribuerunt
481 437 514 492 de
530 454 586 511 quo
601 440 696 495 statim
708 438 920 512 disputavimus.
947 438 1049 497 Contra

110 520 312 578 dubitationem
332 522 418 576 movit
440 520 597 593 Christius,
622 522 669 596 qui
694 521 778 578 tertio
801 522 911 579 demum
936 526 1046 583 soeculo

110 604 152 662 vel
168 605 251 662 etiam
267 614 366 679 quarto
384 606 502 662 eundem
515 606 618 662 librum
636 605 671 662 ab
687 607 781 681 aliquo
798 608 896 681 ignoto
909 612 1047 685 scriptore

89 691 296 772 ,compositum
318 706 379 745 esse
401 685 631 765 suspicaretur⁶).
674 693 713 748 dc
735 708 800 747 vero
825 691 907 748 uobis
928 694 994 767 quid
1018 697 1045 750 in

110 775 163 831 boc
177 781 341 848 argumento
359 774 493 845 rideatur,
500 777 576 869 Q
578 776 678 848 paucis
695 792 871 849 exponamus.

174 875 266 932 Omnia
282 874 356 930 Calvi
380 851 517 933 vorbfde
539 892 570 932 ea
592 894 622 932 re
644 877 746 951 scripta
768 877 964 950 repetivimus,
988 897 1043 953 quo

110 959 218 1016 facilius
238 960 324 1016 cuivis
347 977 378 1016 ea
399 959 503 1034 legenti
520 961 650 1017 iudicium
667 961 758 1018 iacere
774 961 880 1018 liceret.
909 961 1040 1019 Nimirum

110 1052 223 1119 apparet
245 1046 421 1116 gravissimas
443 1061 568 1119 quasque
591 1062 636 1102 res
659 1053 713 1102 tam
736 1046 853 1102 obscure
869 1054 897 1102 et
914 1046 1039 1120 ambigue

110 1126 219 1184 nCalvo
243 1128 411 1204 significatas
433 1146 511 1199 esse,
534 1137 566 1185 ut
590 1130 736 1187 admodum
752 1129 837 1186 multa
855 1148 925 1204 quae
940 1131 1039 1204 proba·

108 1213 173 1271 bilia
191 1213 350 1286 videantur,
372 1216 441 1270 certi
459 1221 550 1271 autem
572 1214 641 1270 nihil
659 1215 734 1271 adid
753 1212 843 1289 ipsum
860 1215 893 1270 de
908 1232 964 1289 quo
979 1217 1037 1290 agi-

111 1306 154 1354 tur
175 1298 238 1355 inde
260 1298 330 1355 ellici
352 1301 449 1372 possit.
481 1298 554 1371 Ergo
577 1306 689 1356 utamur
713 1307 851 1373 tamquam
875 1308 946 1356 teste
960 1300 1037 1358 loeu-

108 1383 262 1456 pletissimo
279 1384 341 1456 ipso
364 1385 501 1457 scriptore
523 1383 605 1440 huius
626 1382 714 1439 libelli
736 1384 768 1439 de
791 1400 846 1457 quo
869 1386 1043 1457 quaerimus.

108 1469 132 1523 ls
148 1468 221 1523 iuter
237 1467 333 1524 unciae
354 1475 448 1541 partes
465 1476 608 1525 enumerat
624 1469 779 1524 tremissem
795 1467 875 1539 (15),
895 1471 942 1542 qui
958 1486 1037 1527 num·

108 1570 168 1608 mus
184 1569 299 1621 aureus,
324 1552 404 1608 tertia
422 1551 503 1608 solidi
519 1555 594 1608 aurei
610 1570 691 1626 pars,
716 1554 834 1626 primum
851 1555 977 1624 signatus
993 1561 1036 1609 est

108 1656 122 1694 a
139 1634 238 1693 Severo
254 1637 407 1694 Alexandro
416 1632 452 1709 ⁷):
470 1652 537 1709 ergo
554 1639 676 1710 scriptor
691 1635 756 1692 libri
771 1637 804 1692 de
821 1652 882 1693 asse
902 1654 957 1695 non
973 1646 1035 1694 ante

109 1721 247 1778 saeculum
269 1722 383 1777 tertium
405 1721 480 1777 vixit.
527 1720 606 1789 Quod
632 1730 825 1794 argumentum
849 1729 904 1777 tam
926 1730 1033 1780 certum

108 1813 167 1877 est,
191 1815 222 1861 ut
239 1807 280 1861 vix
296 1823 367 1879 opus
382 1808 419 1862 sit
434 1805 486 1861 alia
503 1807 724 1879 circumspicere.
758 1807 793 1860 At
809 1823 872 1863 vero
890 1816 954 1863 suut
971 1807 1033 1881 plu·

107 1891 190 1947 rima:
211 1900 242 1946 ut
264 1892 427 1963 scriptorem
449 1890 481 1945 de
498 1907 559 1945 asse
575 1890 722 1945 nonnullas
738 1898 831 1962 partes
848 1891 945 1946 afferre
963 1907 1033 1964 quae

107 1978 217 2049 ignotae
234 1976 291 2030 sint
304 1974 459 2043 Maeciano,
477 1976 523 2047 qui
539 1973 682 2046 aliquanto
698 1981 763 2046 post
778 1971 890 2028 balbum
905 1975 1032 2048 scripsit;

107 2067 164 2116 tum
185 2060 300 2115 formam
319 2062 394 2134 ossis
410 2059 437 2111 in
453 2059 619 2112 nominativo
641 2073 705 2111 casu
721 2056 836 2124 alienam
854 2073 915 2113 esse
930 2074 945 2112 a
961 2057 1031 2113 llae-

105 2147 184 2201 ciano
207 2159 257 2197 noc
281 2158 343 2213 vero
368 2141 480 2197 eandem
496 2140 580 2197 tribui
597 2157 680 2214 posse
695 2139 794 2209 Balbo,
817 2140 864 2214 qui
880 2141 907 2197 in
923 2143 1032 2215 exposi7

106 2232 183 2285 tione
208 2227 355 2282 formarum
378 2243 446 2281 usus
467 2233 510 2281 est
524 2226 631 2283 dicendi
646 2241 748 2299 genere
764 2221 1030 2298 emendatissimo⁸);

175 2490 201 2555 5)
221 2492 291 2542 Vide
312 2492 403 2542 Grom.
421 2491 450 2540 11
468 2509 493 2556 p.
515 2494 563 2542 134
582 2507 603 2542 s.
630 2493 679 2542 150
697 2507 719 2541 s.

175 2558 201 2623 6)
220 2559 292 2609 Vide
312 2559 503 2609 commentarii
521 2558 555 2608 de
569 2559 703 2622 Victoria,
723 2560 769 2624 qui
782 2559 856 2609 inira
869 2560 884 2619 5
897 2562 946 2610 11⁷
960 2561 1024 2613 adn.

109 2630 120 2676 1
142 2626 290 2691 citabitur,
309 2645 335 2692 p.
356 2628 404 2677 106
423 2641 445 2677 e.

177 2693 202 2759 7)
222 2696 325 2744 Auctor
350 2700 392 2745 est
415 2694 592 2759 Lampridius
615 2696 645 2744 in
667 2695 727 2745 vita
750 2694 812 2743 Sev.
836 2692 915 2743 Alex.
939 2709 963 2744 c.
982 2697 1024 2748 39.

105 2764 143 2813 Et
166 2766 277 2813 exstant
304 2761 394 2811 adbuc
418 2760 490 2811 tales
520 2763 662 2812 tremisses
687 2777 704 2811 a
726 2758 876 2811 Valeriano
907 2760 1025 2828 aliisque

107 2830 225 2896 signati:
244 2832 307 2881 vide
326 2830 487 2880 Mommsen.
506 2846 533 2893 p.
551 2830 609 2880 776.
644 2827 776 2878 Efficitnr
794 2832 885 2876 antem
905 2844 938 2878 ex
957 2845 1024 2894 pon·

107 2898 171 2950 dere
194 2899 331 2947 tremissis
354 2896 424 2963 quod
449 2897 477 2945 in
500 2897 552 2946 boc
575 2896 646 2947 libro
671 2895 704 2944 de
729 2909 791 2945 asse
815 2893 929 2945 affertur
947 2897 1025 2947 aliud

107 2965 178 3030 quod
200 2966 393 3030 gravissimum
421 2970 464 3014 est
482 2963 516 3013 ad
536 2979 644 3014 omnem
661 2962 738 3012 illins
758 2962 860 3012 aetatis
878 2962 1023 3014 historiam

105 3036 299 3084 nummariam:
312 3032 465 3096 legitimum
476 3033 554 3081 aurei
562 3031 677 3096 pondus,
689 3030 723 3078 de
737 3045 788 3094 quo
802 3028 891 3081 adbuc
903 3032 1022 3081 maxime

107 3102 303 3167 ambigebatur
333 3100 371 3164 (v.
394 3098 505 3149 Metrol.
528 3115 555 3163 p.
573 3100 649 3160 241),
677 3098 760 3147 tertio
790 3098 904 3148 saeculo
934 3099 1022 3149 fuisse

106 3171 310 3234 sexagesimam
346 3171 472 3232 quartam
506 3170 612 3230 partem
642 3165 731 3214 librae
763 3162 837 3226 (nam
867 3166 1021 3217 tremissem

106 3239 225 3301 scriptor
248 3236 281 3284 de
302 3250 364 3285 asse
383 3236 445 3284 161ΙΙΙ
463 3235 564 3284 unciae
587 3237 694 3298 partem
719 3232 804 3281 luisse
823 3232 903 3294 dicit,
929 3234 1019 3284 idest

105 3303 196 3354 librae
215 3305 302 3365 192⁸¹⁰‚
328 3303 401 3352 nude
425 3304 458 3351 64
482 3302 560 3351 aurei
583 3300 751 3351 conveniunt
768 3300 797 3348 in
815 3299 935 3365 libram).
970 3303 1018 3351 Aa·

105 3369 883 3502 tit.litstillata?atttrittttnttit
896 3385 947 3501 it:
962 3371 1019 3486 :lt

104 3507 168 3559 loco
187 3522 220 3557 ac
239 3512 362 3572 tempore
382 3520 525 3571 exponam.

173 3575 200 3643 6)
218 3574 298 3624 Haec
318 3588 424 3639 quoqne
443 3573 555 3624 Christii
574 3576 637 3623 sunt
655 3576 817 3637 argumenta
834 3588 861 3636 p.
881 3572 937 3622 106.
