2378 3930
165 174 228 239 144
249 196 342 240 onnv1
356 196 470 239 vnnsxo
483 196 676 239 Tasmenon
687 196 984 240 numennumen.
1002 174 1077 263 [141]

164 336 298 391 tenorum
325 330 458 390 infinitae
485 336 555 390 sunt
581 328 778 400 differentiae,
807 329 895 391 nobis
917 348 997 391 nuno
1017 330 1081 393 fere

164 430 235 491 nihii
258 432 426 493 necessario
450 429 652 491 declarandae.

228 529 258 593 8.
281 531 369 593 Libro
384 550 454 592 veno
470 530 625 592 duodecim
639 533 742 592 uncias
756 532 854 603 habet,
872 534 957 594 uncia
973 532 1081 595 droch-

166 652 229 693 mas
248 641 323 704 octo,
347 633 486 694 drachma
503 641 664 711 grammata
679 635 744 704 tria,
769 652 901 712 gramina
918 635 994 698 duos
1010 634 1081 696 obo-

132 745 148 792 5
166 735 219 805 los,
244 753 374 813 grommo
398 753 501 795 rursus
523 735 658 796 thermus
680 735 835 812 lupinosvo
856 744 926 807 tres,
949 737 1082 798 therinos

166 835 321 915 lupinusve
344 839 454 896 ceratia
476 836 634 919 granulaije
657 835 780 914 siliquae
803 838 871 898 duo.

231 935 258 1002 9.
287 937 431 998 denarios
464 946 563 999 aulem
597 938 673 1015 apud
704 938 854 1000 Romanos
884 939 1024 1001 dividitur
1051 942 1082 1000 in

167 1046 267 1118 pantes
288 1039 412 1100 milenas
435 1050 575 1100 centenas
597 1038 669 1099 duas
693 1046 721 1101 et
744 1042 970 1119 qninquaginla;
994 1041 1084 1102 habet

168 1142 248 1200 enim
276 1144 406 1219 tropeien
436 1141 495 1200 duo
518 1142 704 1218 quinariosve
728 1140 816 1217 duos,
846 1160 953 1203 numos
976 1151 1083 1205 sester-

118 1244 260 1301 101iosve
284 1249 417 1320 quatuor,
441 1242 550 1302 asseria
573 1261 643 1303 vero
667 1262 721 1304 seu
744 1261 823 1303 asses
845 1261 896 1304 sex
918 1254 948 1306 et
971 1245 1082 1307 decem.

167 1361 276 1403 nunnus
302 1361 371 1403 veno
394 1343 527 1421 pondere
550 1345 666 1403 unciam
689 1343 786 1405 habet.
833 1346 964 1406 assarion
987 1355 1083 1407 autem

168 1446 277 1505 assisio
299 1462 351 1504 seu
374 1462 407 1505 as
430 1444 567 1504 dividitur
588 1446 620 1504 in
642 1446 810 1517 dimidium,
834 1449 972 1518 tertium,
997 1467 1083 1527 quon·

169 1555 247 1615 lum,
278 1554 408 1615 sextum,
434 1554 583 1615 octavum,
607 1565 733 1618 nonum,
759 1548 921 1619 decimum,
945 1548 1084 1611 duodeci·

169 1666 260 1716 mum,
284 1655 421 1725 quantuni
445 1656 474 1709 et
497 1648 679 1725 vigesimum,
704 1657 819 1709 sexium
842 1658 871 1710 et
892 1651 1083 1728 trigesimum,

119 1758 152 1806 15
170 1756 304 1808 oetavnm
328 1758 358 1809 et
380 1749 647 1828 quadragesimum,
672 1751 833 1811 secundum
856 1758 884 1811 et
904 1754 1084 1831 septuagesi-

169 1867 259 1909 mum.
304 1858 404 1930 partes
427 1859 524 1911 autem
546 1851 602 1911 hae
624 1851 701 1930 apud
724 1852 873 1912 Romanos
895 1854 1084 1914 ratiocinato-

111 1937 112 1941 ¹
170 1970 218 2012 res
241 1970 308 2012 suas
331 1952 441 2013 habent
463 1953 689 2013 nominationes.

236 2052 284 2115 10.
314 2055 372 2114 Sed
403 2072 482 2114 nuno
514 2055 550 2114 de
578 2056 735 2114 mensuris.
786 2055 938 2135 Amphora
966 2055 1084 2133 quidem

171 2156 243 2224 vini,
274 2174 359 2234 quain
387 2154 508 2234 plorimi
537 2162 680 2216 meineten
709 2156 823 2225 dieunt,
852 2157 1086 2235 seiniainpiioras

120 2267 153 2314 20
172 2257 261 2317 habet
294 2258 380 2327 eluas,
416 2275 488 2335 ques
521 2258 670 2316 communi
700 2259 820 2317 nomine
852 2259 941 2318 cados
971 2268 1084 2329 nonant,

172 2375 261 2418 urnas
291 2365 387 2417 aulen]
413 2358 554 2426 liomoni;
587 2358 716 2437 pinellus
744 2377 813 2419 veno
843 2360 1086 2438 quodiontaniave

172 2466 313 2538 quatuor,
345 2459 436 2520 choos
459 2467 539 2528 oeio,
572 2479 645 2538 quas
667 2458 820 2537 †dieongia
843 2463 1011 2531 nominant,
1034 2479 1086 2520 nos
1109 2498 1117 2511 x

173 2568 270 2620 autem
287 2560 386 2622 cobus
426 2562 498 2622 eiius
520 2578 590 2620 veno
613 2568 710 2620 xestos
733 2563 912 2623 sextariosve
935 2582 987 2623 sex
1011 2564 1087 2641 capii

172 2696 213 2703 —
239 2665 397 2724 sextarium
427 2681 496 2723 vero
526 2680 576 2722 seu
604 2670 706 2723 nesien
735 2665 878 2743 Aegyptiii
906 2665 1016 2724 henion
1046 2663 1087 2723 di·

122 2771 155 2819 25
174 2771 245 2823 eunt
274 2799 309 2807 -
341 2767 382 2824 nii
411 2765 553 2843 sinplioi‘a
582 2773 731 2824 nesiorum
761 2766 994 2827 sextariorumve
1022 2774 1086 2825 ocio

174 2873 203 2924 et
226 2865 417 2943 quadraginta
441 2868 488 2926 sit.

239 2964 287 3025 11.
312 2967 449 3046 Syriacus
472 2985 540 3027 vero
563 2975 703 3028 nieireies
725 2967 818 3028 Italici
841 2968 947 3046 duplus
971 2976 1024 3029 est.

238 3064 287 3127 12.
312 3069 462 3129 Seniorius
484 3086 555 3145 ergo
577 3076 712 3129 nestesve
735 3071 765 3127 in
789 3070 861 3130 duas
883 3070 983 3132 lances
1007 3077 1087 3131 eoin·

176 3218 379 3230 n—...-—-

225 3308 248 3355 ὅ.
268 3307 389 3355 thermus
407 3312 432 3354 et
450 3306 570 3355 thermon
588 3312 645 3353 sont
666 3306 781 3355 Graecae
801 3311 991 3358 terminationes
1048 3309 1089 3358 22.

176 3387 255 3456 ques]
280 3392 350 3440 immo
374 3404 454 3455 qnos,
486 3397 513 3438 ot
537 3386 585 3438 od<
603 3390 681 3438 eod]
696 3407 724 3453 p.
745 3394 805 3455 257,
825 3396 859 3441 25
945 3388 1086 3457 dicongia]

174 3479 200 3527 in
220 3476 318 3526 Graeco
348 3476 491 3538 exenzplmd
514 3469 637 3535 δικογγία
666 3490 745 3536 prove
769 3478 890 3537 scriptum
911 3478 964 3539 snit
986 3492 1036 3542 pro
1054 3474 1088 3537 δὴ

163 3558 281 3625 nomia:
300 3580 321 3617 o.
341 3561 364 3611 I
375 3578 404 3628 p,
424 3561 487 3626 258,
509 3562 524 3609 1
