2378 3930
60 185 125 241 XIV
370 181 539 239 numurus
558 182 773 243 PRAEFATIO.

61 334 219 417 quantum
247 331 301 395 uel
328 328 376 394 sie
403 329 563 413 profuerit
584 326 676 393 Felix
702 329 785 394 bene
813 350 941 395 memor
967 329 1018 394 itu
1039 331 1078 396 de

61 441 100 485 eo
123 418 280 483 iudicauit
304 416 349 502 [V
367 419 398 499 1]
423 417 516 483 huius
545 417 619 482 lucr
716 418 868 503 dederat,
894 439 993 500 quam
1016 421 1078 485 ido

59 529 136 573 neus
156 509 299 572 caltores
320 508 459 573 adsertor
481 526 543 572 csse
562 507 725 592 estuaret,
752 508 784 572 si
806 527 840 572 se
861 511 960 572 lotum
982 509 1028 573 od
1047 509 1080 573 id

61 598 199 662 studium
231 597 414 662 contulisset.
455 617 552 679 quam
580 594 710 660 leudem
738 596 806 661 siue
835 595 1077 661 excusationem

61 707 81 750 a
99 685 243 750 Minucio
262 685 382 769 quippe
403 684 503 751 studii
525 684 613 749 illius
632 685 715 749 bene
734 689 885 769 compote
904 684 1076 749 defenden-

60 774 136 839 dam
159 775 353 858 putauerim.

543 917 591 991 ΙΙ.

128 1040 283 1106 Octauius
299 1040 456 1124 dialogus,
476 1059 553 1104 casu
570 1042 726 1120 seruatus,
746 1036 787 1102 ed
801 1038 943 1102 medium
959 1060 1074 1105 aeuum

59 1130 211 1213 peruenit
250 1128 285 1192 in
321 1129 485 1194 uolumine
523 1128 662 1211 quodem
702 1126 874 1191 admodum
913 1131 1074 1212 corrupto,

61 1219 181 1302 quippe
213 1217 299 1302 quod
331 1238 398 1281 uon
431 1216 537 1280 solum
565 1238 584 1280 a
611 1215 745 1281 librario
773 1237 932 1300 perquam
966 1217 1075 1301 negle-

59 1313 176 1391 genter
198 1308 365 1370 exeretum
389 1302 504 1389 (testes
528 1325 575 1368 er.
599 1324 647 1389 gr.
668 1306 841 1369 uerborum
864 1305 1074 1371 traiectiones

60 1395 163 1458 multo
183 1416 281 1479 quam
299 1393 399 1477 uulgo
419 1393 554 1458 credunt
577 1391 779 1478 crebriores),
802 1393 857 1457 sed
877 1394 979 1458 etiam
1003 1416 1073 1477 pos·

60 1483 196 1548 sessoris
223 1482 273 1547 sui
296 1483 404 1547 uarias
432 1482 665 1547 inmutationes
690 1481 1075 1548 claudianenses

58 1593 202 1656 passum.
242 1593 347 1656 neque
374 1571 515 1637 cessauit
547 1570 611 1635 iste
642 1571 833 1654 depreuetio
861 1571 942 1654 ipsis
977 1571 1074 1636 medii

60 1660 133 1725 aeui
155 1662 367 1746 temporibus,
389 1660 506 1745 quibus
529 1659 592 1724 hoc
615 1659 806 1743 opuseulum
825 1659 974 1724 Arnobio
993 1664 1073 1726 tam·

60 1771 158 1833 quam
189 1749 274 1814 liber
306 1754 440 1814 octauus
472 1747 633 1832 adhaesit3
667 1771 686 1812 a
713 1771 777 1833 que
804 1749 963 1813 societate
997 1749 1073 1814 illud

58 1839 211 1903 liberauit
224 1859 367 1922 ueroque
381 1837 504 1902 auctori
522 1835 662 1900 reddidit
675 1836 869 1902 Franciscus
885 1836 1074 1903 Balduinus.

59 1927 160 1992 codex
179 1930 286 1992 autem
302 1926 468 1991 Parisinus
484 1926 569 1990 1661
587 1947 669 1990 saec.
683 1924 730 1989 IX
744 1922 812 2011 (P),
830 1927 869 1990 de
883 1947 948 2010 quo
964 1927 1073 1991 uiden-

59 2016 118 2081 dus
143 2020 194 2081 est
216 2015 467 2100 diligentissime
491 2015 653 2079 enarratio
677 2013 934 2079 Reifferscheidii
958 2013 1072 2099 (praef.

59 2106 196 2170 Arnobii
219 2129 249 2189 p.
265 2104 345 2170 VIII
369 2101 453 2190 sqq.)
481 2105 596 2168 unicus
624 2108 733 2167 textus
757 2104 978 2168 constituendi
1003 2105 1072 2169 fons

59 2199 126 2276 est3
159 2216 235 2258 nam
269 2199 302 2259 et
334 2195 418 2259 liber
450 2192 581 2277 quidam
613 2190 836 2256 Bruxeliensis
869 2196 902 2257 et
935 2194 1072 2258 Arnobii

60 2283 158 2347 editio
178 2283 329 2366 princeps
343 2283 492 2347 Romane
510 2278 766 2367 a.1543*)inue
785 2280 956 2345 fluxerunt.
984 2283 1071 2347 cuius

59 2371 178 2435 codicis
203 2393 222 2434 a
245 2371 352 2453 prima
375 2393 472 2435 manu
491 2391 671 2454 numquam
688 2369 723 2434 in
742 2370 821 2434 loeis
841 2371 1006 2454 corruptis
1025 2375 1072 2436 est

58 2458 283 2522 recedendum:
306 2480 368 2542 quo
389 2480 489 2541 usque
508 2480 625 2523 manus
645 2458 785 2523 secunda
804 2461 982 2524 correctrix
1001 2482 1070 2543 pro-

58 2548 192 2612 cesserit
218 2545 458 2631 interpolando,
485 2569 551 2612 non
575 2551 666 2613 extet
693 2547 865 2611 inlustrius
889 2551 1070 2633 exemplum

59 2658 155 2720 quam
184 2660 210 2702 c.
230 2638 282 2720 28,
302 2638 330 2701 I.
372 2636 648 2701 accuratissimam
672 2640 781 2702 autem
804 2636 890 2701 illius
915 2638 1072 2702 conlatio-

58 2746 132 2789 nem
152 2748 224 2791 cum
248 2727 446 2791 instItuisset
466 2725 503 2791 A.
521 2724 763 2810 Laubmannus,
787 2724 820 2792 O.
840 2725 993 2790 Halmius
1016 2728 1071 2791 ille

58 2835 135 2877 usus
172 2817 313 2898 primum
351 2816 398 2879 ita
433 2814 596 2879 recensuit
631 2813 809 2879 MInueium
843 2813 1070 2899 (Vindobonee
1114 2850 1116 2855 ·

59 2897 177 2986 1867),
204 2909 241 2967 ut
264 2908 387 2968 certum
410 2925 474 2986 quo
498 2903 679 2967 emendatio
703 2904 800 2968 inniti
823 2908 936 2988 posset
958 2905 1070 2969 funde·

57 2996 203 3055 mentum
236 2991 457 3076 exhiberetur;
487 2993 636 3076 idemque
670 2996 703 3054 et
734 2993 878 3075 priorum
911 2994 1069 3058 editorum

59 3080 307 3163 criticorumque
332 3085 516 3146 commenta
539 3080 681 3164 plurima
700 3080 832 3164 collegit
850 3085 882 3144 et
904 3082 975 3163 ipse
995 3104 1070 3146 non·

57 3170 148 3233 nulla
179 3169 261 3233 uitia
293 3170 375 3234 bene
408 3171 555 3235 correrii.
600 3170 666 3234 iam
701 3169 841 3233 inmanis
879 3171 1070 3236 mendorum

128 3326 155 3392 *)
180 3323 277 3379 notaui
300 3326 340 3380 ed.
364 3342 425 3394 pa,
454 3329 486 3380 ut
508 3329 604 3381 temen
627 3343 683 3380 non
707 3342 802 3382 omnes
825 3325 961 3380 lectiones
986 3327 1069 3381 falsae

57 3397 216 3466 nulliusque
235 3396 319 3466 pretii
338 3396 403 3450 inde
423 3400 573 3451 enotarem.
608 3397 656 3452 ubi
674 3397 841 3453 IectIonibus
859 3395 981 3450 Parisini
999 3396 1069 3451 nihil

52 3470 98 3523 est
122 3468 280 3542 adiectum,
309 3469 476 3526 eRomanu
503 3468 658 3538 scripturas
684 3468 716 3522 in
739 3472 848 3523 textum
870 3469 1000 3536 receptes
1024 3485 1069 3522 ex-

37 3539 138 3598 hiheri
157 3543 240 3603 scias.
