2378 3930
81 212 127 279 50
438 209 584 267 lemnon
600 208 740 267 FELICIS

80 379 142 423 nos
170 356 334 421 occultare
362 354 448 440 quod
476 355 627 437 colimur,
655 355 683 420 si
707 353 842 420 delubra
869 357 906 441 et
930 375 1007 418 aras
1033 374 1094 418 non
1149 354 1152 359 ’

80 444 261 510 habemus?
295 443 496 530 quodecim
528 444 736 512 simulacrum
763 443 823 509 deo
848 443 990 528 fingam,
1017 464 1095 523 cum,

81 534 224 599 sirecte
252 533 450 616 existimem,
482 533 527 597 sit
554 532 607 597 dci
635 532 735 597 homo
762 531 834 617 ipse
865 529 1095 597 simulacrum?

80 623 239 706 templum
258 622 345 707 quod
363 622 393 686 ei
416 624 573 704 exituum
597 643 671 686 cum
687 624 778 686 totus
795 621 851 686 hic
867 621 1010 686 mundus
1030 620 1096 684 cius

45 727 63 777 a
84 732 183 795 opera
200 710 379 776 fabricatus
397 731 472 775 cum
490 730 605 795 capere
623 730 691 776 non
708 709 837 794 possit?
859 713 981 775 etcum
998 708 1096 775 homo
1118 725 1128 766 ⁵

82 799 182 864 latius
218 820 383 882 maneam,
418 799 507 863 intra
537 820 637 863 unam
672 797 853 864 aediculam
885 798 954 863 uim
985 799 1097 861 tantae

84 887 269 953 maiestatis
292 887 479 953 includam?
502 908 610 953 nonne
631 886 748 952 melius
766 887 802 951 in
818 889 933 951 nesus
950 885 1099 951 dedican-

84 977 146 1042 dus
170 979 231 1045 est.
244 979 361 1059 mente,
384 976 420 1040 in
440 978 555 1040 nostro
577 977 679 1042 immo
702 974 937 1041 consecrandus
955 977 1009 1040 cst
1029 993 1098 1058 pec·

83 1064 179 1131 tore?
206 1063 334 1130 hostias
358 1068 392 1129 at
413 1064 563 1129 uictimas
586 1064 646 1129 deo
670 1063 818 1146 offeram,
841 1085 923 1148 quas
944 1063 981 1127 in
1005 1083 1098 1128 usum

84 1154 150 1218 mei
176 1153 337 1237 protulit„
353 1155 392 1218 ut
417 1153 549 1218 reiciam
576 1152 605 1216 ei
633 1174 728 1217 suum
756 1151 897 1219 munus?
932 1152 1097 1237 ingratum
1110 1168 1132 1211 ιο

84 1246 148 1327 cat,
180 1263 254 1307 cum
289 1240 333 1306 sit
363 1241 500 1307 litabilis
526 1240 638 1306 hostia
663 1241 769 1307 bonus
797 1240 927 1306 animus
956 1245 991 1305 et
1017 1261 1098 1325 pura

47 1346 174 1396 amens
202 1333 236 1393 et
262 1329 388 1394 sincera
414 1329 625 1395 conscientia
668 1330 768 1414 igitur
795 1329 852 1413 qui
877 1329 1098 1412 innocentiam

83 1418 170 1501 colit,
192 1417 252 1482 deo
276 1417 447 1501 supplicat,
470 1418 526 1502 qui
547 1417 719 1496 iustitiam,
741 1418 802 1484 deo
820 1418 912 1502 libat,
933 1417 994 1503 qui
1010 1416 1095 1483 frau-

83 1505 178 1570 dibus
202 1505 353 1590 abstinet,
374 1505 533 1590 propitiat
557 1506 661 1591 deum,
685 1506 741 1591 qui
762 1506 929 1572 hominem
951 1505 1096 1591 periculo

47 1594 238 1679 laubripit,
267 1595 322 1660 deo
348 1595 494 1679 opimam
520 1595 690 1661 uictimam
717 1595 833 1661 caedit
876 1595 959 1661 hacc
978 1598 1128 1661 nostrae

83 1682 252 1767 sacrificia,
269 1683 350 1748 hacc
369 1683 421 1748 dei
439 1704 532 1749 sacra
550 1689 641 1750 sunt:
665 1684 712 1750 sic
728 1683 817 1769 apud
835 1705 896 1750 nos
913 1682 1098 1769 religiosior

84 1775 135 1837 est
158 1772 214 1836 ille
238 1772 293 1856 qui
316 1772 441 1837 iustior.
477 1774 513 1836 at
535 1772 621 1837 enim
644 1793 742 1858 quem
760 1772 902 1838 colimus
919 1771 1017 1838 deum
1038 1792 1097 1836 nec

85 1859 283 1925 ostendimus
300 1881 362 1925 nec
379 1860 536 1926 uidemus.
568 1861 669 1926 immo
683 1882 723 1925 ex
740 1860 804 1926 hoc
817 1859 915 1926 deum
927 1860 1098 1941 credimus,

85 1947 170 2034 quod
203 1969 277 2012 eum
308 1947 428 2013 sentire
455 1970 643 2034 possumus,
674 1949 785 2015 uidere
816 1970 885 2015 non
913 1969 1096 2033 possumus.

85 2038 120 2102 in
144 2037 296 2121 operibus
320 2038 406 2101 enim
429 2038 497 2103 eius
521 2041 554 2103 et
581 2039 617 2102 in
643 2037 757 2103 mundi
780 2038 929 2104 omnibus
956 2037 1129 2103 motibusu

84 2127 240 2190 uirtutem
259 2127 327 2190 eius
346 2147 473 2209 semper
486 2130 691 2210 praesentem
710 2127 894 2211 aspicimus,
912 2147 986 2191 cum
1005 2130 1097 2192 tonat

50 2231 66 2279 5
86 2214 231 2298 fulgurat
254 2214 415 2298 fulminet,
438 2236 510 2279 cum
535 2220 673 2280 serenat.
713 2237 774 2280 nec
797 2215 933 2299 mireris,
957 2215 986 2280 si
1004 2215 1097 2279 deum

85 2324 151 2367 non
169 2303 274 2367 uides:
292 2307 390 2367 uento
410 2305 443 2369 et
460 2303 592 2369 flatibus
612 2303 720 2369 omnia
738 2304 951 2387 impelluntur
968 2303 1097 2368 uibran-

85 2394 138 2454 tur
166 2390 333 2473 agitantur
358 2394 391 2454 et
419 2392 605 2457 subuculis
632 2397 742 2457 tamen
770 2413 835 2457 non
862 2394 954 2456 uenit
982 2395 1095 2457 uentus

86 2481 119 2541 et
140 2477 247 2541 flatus.
288 2478 323 2541 in
347 2480 448 2543 solem
471 2479 566 2564 adeo,
592 2480 648 2563 qui
670 2479 802 2544 uidendi
825 2480 977 2546 omnibns
999 2492 1127 2545 causae

86 2569 149 2648 est,
175 2564 285 2631 uidere
313 2588 382 2631 non
408 2588 595 2650 possumus:
626 2568 728 2633 radiis
760 2569 845 2634 acies
878 2570 1096 2648 submouetur,

86 2654 218 2719 obtutus
250 2656 409 2720 intuentis
441 2655 614 2722 hebetatur
645 2661 692 2740 et,
724 2657 753 2721 si
781 2657 902 2722 diutius
934 2657 1097 2740 inspicias,

50 2743 191 2808 oomnis
211 2744 300 2808 uisus
325 2745 535 2829 extinguitur.
572 2744 671 2829 quid?
697 2745 807 2828 ipsum
830 2746 909 2810 solis
932 2745 1097 2827 artificem,

85 2831 177 2894 illum
200 2832 333 2896 luminis
351 2832 484 2917 fontem,
507 2835 613 2918 possis
633 2834 802 2917 sustinere,
825 2855 897 2899 cum
915 2838 948 2898 te
967 2834 1010 2898 ab
1030 2833 1095 2897 eius

85 2918 267 3001 fulgoribus
304 2924 447 3004 auertas,
483 2944 502 2986 a
534 2922 725 2988 fulminibus
762 2921 965 2988 abscondas?
1003 2920 1125 2985 deuna

86 3006 187 3072 oculis
211 3008 395 3074 carnalibus
414 3009 465 3073 uis
484 3010 603 3094 uidere,
621 3032 693 3075 cum
713 3012 818 3095 ipsam
838 3012 980 3075 animam
999 3014 1096 3092 tuam,

87 3119 150 3180 qua
177 3094 354 3161 uiuificaris
382 3101 414 3161 et
441 3098 599 3183 loqueris,
630 3121 691 3166 nec
723 3098 867 3184 aspicere
898 3100 1007 3183 possis
1039 3117 1097 3162 nee

158 3275 173 3323 3
198 3268 339 3324 existimes
357 3275 390 3339 P,
413 3273 522 3327 corraei
542 3275 553 3343 Ι
576 3279 592 3329 5
616 3290 703 3343 opera
724 3274 837 3344 scripsi:
859 3288 943 3342 opere
962 3277 982 3324 P
1004 3273 1015 3342 l
1037 3277 1053 3325 9
1071 3271 1099 3324 ct

86 3339 217 3394 uictimas
237 3341 272 3394 do
291 3356 309 3395 s.
332 3342 350 3396 l.
368 3357 403 3395 m.
422 3347 438 3396 1
457 3348 478 3395 P
499 3347 509 3412 l
533 3349 575 3411 10,
595 3350 627 3398 11
646 3344 791 3414 ingratum
810 3345 854 3399 est
872 3344 940 3398 delet
958 3343 1098 3398 Heuman-

86 3427 140 3466 uua
162 3414 171 3479 ΙΙ
196 3417 228 3465 12
256 3411 428 3466 conscientia
456 3413 585 3471 Ursinus:
613 3416 753 3471 sententie
775 3421 796 3468 P
818 3417 828 3483 fl
852 3419 886 3469 lt
911 3413 965 3469 deo
991 3412 1098 3469 addidit

85 3480 224 3542 Volaenes
242 3485 251 3556 Ι
270 3482 397 3558 opimam
419 3481 562 3544 Gelenius:
581 3487 754 3557 optumamP
771 3488 837 3552 buu
851 3502 905 3538 nec
920 3483 1037 3539 meraris
1054 3488 1073 3536 P
1089 3488 1097 3551 η

66 3559 105 3612 24
124 3558 225 3615 oeulos
246 3560 444 3622 Heumauuua
457 3561 469 3634 ll
485 3565 523 3617 25
542 3560 575 3616 in
593 3557 655 3614 sole
669 3561 708 3625 P,
723 3571 795 3612 coru·
813 3553 962 3607 museus.
1036 3622 1040 3628 ι
