2378 3930
401 193 581 252 OCTAVIUS
600 215 623 254 c.
644 203 686 253 13.
707 204 747 252 14.
1044 198 1085 264 19

69 338 229 404 uarietate
257 343 314 406 tua
341 340 512 407 delectarit
540 342 659 419 oratio,
687 346 799 407 tamen
823 343 919 408 altius
943 365 1085 428 moneor,

69 449 136 493 non
164 429 202 493 de
229 430 397 513 praesenti
424 432 565 515 actione,
594 431 649 496 sed
678 431 716 494 de
743 433 814 496 toto
839 451 955 517 genere
979 433 1085 516 dispu-

68 517 174 601 tandi,
209 518 295 602 quod
326 519 516 604 plerumque
548 541 608 604 pro
641 520 868 584 disserentium
900 520 1024 587 uiribus
1051 525 1085 587 et

69 606 273 691 eloquentiae
300 611 465 695 potestate
493 609 592 674 etiam
620 610 810 692 perspicuae
837 608 988 674 ueritatis
1011 632 1084 675 con·

38 694 151 760 edicio
181 699 330 761 mutetur.
376 697 410 762 id
438 697 581 762 accidere
609 701 783 781 pernotum
816 701 866 762 est
898 697 1118 765 auditorumr

67 781 235 868 facilitate,
259 786 315 870 qui
337 785 414 851 dum
437 787 611 852 uerborum
630 786 793 852 lenocinio
812 807 959 850 ererum
977 787 1082 852 inten-

66 870 213 936 tionibus
247 878 438 958 auooantur,
471 875 540 940 sine
573 875 692 939 dilectu
726 874 952 939 adsentiuntur
986 875 1082 941 dictis

67 961 219 1024 omnibus
238 982 298 1027 nec
316 984 336 1026 a
354 964 451 1028 rectis
470 963 553 1028 falsa
572 967 752 1042 secernunt,
775 965 956 1029 nescientes
974 965 1082 1030 inesse

67 1052 100 1112 et
126 1050 161 1113 in
189 1049 370 1114 incredibili
397 1073 510 1117 uerum
539 1059 572 1117 et
601 1052 636 1116 in
665 1051 836 1116 uerisimili
869 1053 1080 1119 mendacium.

23 1152 53 1194 1⁰
66 1138 176 1226 itaque
200 1160 263 1222 quo
288 1139 416 1223 saepius
439 1140 757 1206 adseuerantioribus
780 1141 929 1225 credunt,
953 1163 991 1207 eo
1016 1141 1079 1207 fre·
1099 1158 1115 1207 5

65 1227 218 1309 quentius
238 1249 257 1291 a
275 1229 484 1312 peritioribus
508 1234 705 1315 arguuntur:
729 1230 776 1294 sic
800 1229 960 1294 adnuendi
982 1234 1081 1295 teme-

65 1315 162 1379 ritate
195 1315 320 1401 decepti
352 1319 480 1402 culpam
514 1318 623 1384 iudicii
656 1316 859 1383 mansierunt
890 1318 932 1384 ad
963 1319 1080 1384 incerti

64 1404 251 1487 querellam,
264 1409 303 1470 ut
312 1406 473 1473 damnatis
484 1407 635 1473 omnibus
651 1407 768 1472 malint
780 1407 935 1472 uniuersa
949 1430 1081 1492 suspen·

65 1491 139 1556 dere
168 1514 265 1576 quam
294 1494 332 1559 de
359 1494 534 1560 fallacibus
562 1495 712 1560 iudicare.
753 1496 855 1580 igitur
883 1497 979 1561 nobis
1006 1517 1115 1580 pro-c

21 1595 51 1636 1⁶
66 1579 240 1644 uidendum
259 1585 318 1665 est,
338 1604 379 1647 ne
398 1583 472 1647 odio
490 1583 604 1647 itidem
623 1604 806 1647 sermonum
827 1585 971 1649 omnium
990 1587 1079 1650 labo·

65 1689 188 1752 remus3
220 1668 268 1733 ita
295 1674 333 1734 ut
365 1671 400 1736 in
433 1671 669 1736 execrationem
702 1675 736 1736 et
768 1670 876 1735 odium
908 1673 1080 1738 hominum

63 1757 209 1842 plerique
237 1758 451 1843 simpliciores
478 1759 666 1841 efferantur,
698 1759 775 1825 dum
803 1759 931 1824 incaute
959 1762 1080 1826 creduli
1105 1789 1107 1793 ·

64 1846 359 1912 circumueniuntur
386 1849 428 1913 ab
454 1848 495 1913 iis
523 1870 604 1932 quos
632 1849 737 1912 bonos
760 1850 972 1933 putauerunt,
1003 1872 1079 1916 mox

65 1956 172 2000 errore
202 1937 362 2001 consimili
390 1938 455 2002 iam
485 1937 643 2022 suspectis
668 1936 820 2002 omnibus
847 1940 886 2001 ut
912 1937 1078 2022 improbos

22 2039 50 2079 20
63 2028 214 2089 metuunt
241 2025 338 2090 etiam
368 2047 450 2112 quos
478 2027 618 2110 optimos
648 2024 769 2090 sentire
792 2028 975 2109 potuerunt.
1017 2047 1113 2095 nost

62 2113 198 2196 proinde
227 2114 375 2199 solliciti,
402 2115 489 2201 quod
516 2115 677 2200 utrimque
705 2114 796 2179 omni
823 2114 956 2198 negotio
981 2115 1078 2181 disse·

63 2206 155 2266 ratur
173 2205 262 2266 etex
281 2203 384 2268 altera
407 2207 500 2287 parte
518 2204 708 2289 plerumque
728 2203 866 2268 obscura
885 2203 929 2268 sit
947 2205 1078 2291 ueritas,
1137 2251 1140 2260 .

64 2310 103 2353 ex
126 2290 229 2355 altera
251 2292 334 2357 mira
358 2293 533 2378 subtilitas,
557 2314 638 2378 quae
660 2312 905 2377 nonnumquam
928 2293 1077 2359 ubertate

63 2378 190 2444 dicendi
209 2379 304 2445 fidem
324 2381 489 2447 confessae
507 2381 711 2467 probationis
729 2381 884 2464 imitetur,
903 2381 1077 2467 diligenter

22 2480 48 2522 2⁵
63 2471 219 2551 quantum
242 2472 351 2553 potest
373 2471 503 2556 singula
524 2471 753 2556 ponderemus,
775 2474 813 2534 ut
836 2471 982 2556 argutias
1006 2472 1076 2557 qui-

62 2556 134 2620 dem
157 2557 299 2637 laudare,
322 2581 361 2624 ea
384 2581 461 2626 uero
486 2581 567 2644 quae
590 2562 678 2625 recta
701 2561 778 2624 sunt
800 2557 918 2642 eligere
936 2561 1076 2642 probare

62 2646 223 2729 suscipere
246 2647 430 2730 possimus?
531 2728 535 2734 Ι
1034 2668 1039 2676 ’

99 2877 103 2888 .
133 2841 158 2901 6,
170 2841 185 2889 7
195 2841 266 2904 pcto
275 2837 432 2894 intentione
441 2838 451 2910 ll
461 2844 476 2892 7
487 2838 591 2893 dilectu
601 2843 621 2890 P
630 2837 664 2908 119
678 2836 708 2890 in
718 2837 829 2892 addidit
838 2837 1001 2893 Balduiaua
1011 2839 1016 2911 Ι
1027 2857 1073 2895 ue-

60 2903 177 2960 risimile
196 2911 216 2957 P
229 2909 239 2976 ΙΙ
254 2914 287 2963 10
305 2908 563 2964 adseuerationibus
577 2914 605 2974 P,
624 2924 691 2964 corr.
712 2907 845 2963 Uscncrus
857 2910 868 2979 ΙΙ
882 2914 915 2962 11
934 2910 1074 2966 adnuendi

59 2978 174 3045 compsi:
196 2978 313 3034 adsidue
332 2984 364 3046 P,
383 2981 416 3034 in
433 2996 486 3048 quo
504 2981 561 3035 iam
579 2979 712 3035 Usenerus
730 2994 770 3033 cer.
788 2995 830 3050 pr.
849 2980 1016 3036 adsentandi
1034 3000 1073 3038 re-

60 3049 177 3118 quiricii
198 3051 208 3118 ΙΙ
232 3055 264 3103 12
288 3050 385 3105 iudicii
409 3051 561 3107 Wowcrus:
582 3050 684 3104 iudicis
703 3055 723 3101 P
745 3052 755 3119 1
779 3055 811 3104 13
836 3052 1008 3118 quaerellam
1027 3053 1070 3125 Pl

60 3118 201 3191 omnibus]
226 3119 403 3190 opinionibus
421 3121 580 3178 Irindnerus
603 3120 776 3176 sermonibus
795 3120 923 3176 omnibus
944 3124 1074 3194 Mucbly;

58 3192 155 3246 malim
169 3190 343 3247 orationibus
360 3196 364 3261 Ι
379 3192 492 3247 mallint
505 3198 525 3246 1’
538 3195 548 3263 1
564 3197 596 3247 15
610 3197 682 3263 preto
695 3191 791 3248 taedio
808 3195 812 3260 Ι
828 3191 928 3248 itidem
943 3194 1073 3264 Machly:

58 3261 215 3317 identidem
233 3267 253 3313 P
270 3262 396 3318 indidem
412 3263 582 3320 Domtartus
595 3266 606 3334 l
619 3269 652 3320 1⁸1
672 3264 739 3318 dum
756 3265 868 3334 scripsi:
888 3281 954 3319 nam
968 3269 988 3317 P
1005 3281 1072 3319 nam

59 3334 126 3388 dum
140 3334 324 3390 Heumunmus
337 3337 347 3406 ΙΙ
362 3340 395 3390 18
413 3335 450 3391 ab
468 3336 513 3391 his
527 3341 547 3389 P
560 3337 570 3405 u
583 3340 617 3391 21
633 3334 664 3388 in
678 3334 755 3391 omui
768 3351 830 3405 neg.
851 3335 971 3392 Ursinus
984 3337 1072 3405 (omni

58 3405 88 3458 in
104 3422 168 3476 neg.
183 3405 326 3477 Halmius)
341 3406 375 3461 de
390 3404 467 3462 omni
481 3424 545 3476 neg.
560 3408 587 3461 I.
603 3407 631 3460 Ι.
647 3405 850 3461 Cornelissenus
862 3407 872 3475 ΙΙ
887 3411 920 3460 22
935 3423 970 3462 cx
983 3407 1072 3462 altera

63 3477 195 3532 Ursinus.-
214 3494 248 3532 ex
266 3478 355 3533 altero
374 3479 461 3534 latere
476 3483 496 3531 P
515 3495 550 3533 ex
567 3478 659 3534 altera
675 3477 771 3532 lateat
782 3477 929 3531 Wocaos
942 3477 1088 3541 taxamus&

52 3549 203 3616 Korsiai),
221 3566 260 3603 an
279 3565 314 3604 ex
331 3551 424 3608 altera
442 3550 502 3609 late
521 3550 659 3610 renideat
675 3546 781 3605 subtt
918 3627 961 3672 Ψ
