2378 3930
154 150 197 217 80
398 172 473 215 uoci
493 174 513 213 n
534 170 634 215 rnsro
656 172 698 213 nr
719 170 834 215 rauco.
996 148 1073 235 [117]

154 304 261 367 libram
284 306 394 375 iorito’,
417 322 483 366 asse
504 306 635 383 tangitur
656 303 742 366 libra.
780 302 897 367 Cincius
919 304 958 367 dc
975 302 1073 383 serbis

154 409 260 488 priscis
292 408 334 467 sic
367 407 420 467 ait:
451 405 717 486 ‘quemadmodum
740 406 836 466 omnis
858 406 922 467 iere
950 407 1073 467 materia

154 527 214 569 non
247 508 410 570 deformata
440 507 522 568 rudis
547 505 725 586 appellatur,
761 509 838 569 sicut
863 508 1074 569 uestimentum

154 611 243 681 rude,
267 628 327 672 non
349 607 544 690 perpolitum,
568 610 611 670 sic
635 626 684 669 aes
705 608 845 670 iniectum
867 606 1072 670 rudusculum.

66 738 70 743 ·
121 712 233 791 5apud
263 712 365 773 aedem
393 710 536 789 Apollinis
569 727 618 771 aes
650 709 810 771 conflatum
838 711 943 771 iacuit:
978 709 1008 770 id
1036 709 1072 770 ad

155 814 248 875 rudus
277 810 473 893 appellabant.
517 814 548 873 in
571 812 772 874 aestimatione
795 813 930 873 censoria
954 829 1006 872 aes
1027 812 1073 871 in·

155 916 265 976 fectum
288 914 381 975 rudus
403 912 591 993 appellatur!

220 1014 312 1097 [292]
325 1019 422 1089 Samis,
439 1020 586 1089 semodius,
604 1019 739 1075 semuncia
756 1036 788 1074 ex
800 1017 901 1074 Graeco
915 1018 1073 1087 trahuntur,

156 1107 227 1161 sicut
242 1112 270 1160 et
283 1105 335 1160 alia
350 1103 493 1173 nonnulla,
511 1121 579 1177 quae
592 1098 612 1161 S
626 1104 744 1159 litteram
759 1119 810 1177 pro
827 1102 1012 1176 adspiratione
1027 1119 1073 1158 eo·

107 1186 139 1235 10
156 1207 216 1246 rum
232 1189 349 1259 habent,
370 1195 401 1243 ut
416 1181 496 1245 ἑπτά
511 1198 632 1262 septem,
655 1181 727 1244 ὕλαι
743 1188 834 1244 silvae.
867 1189 905 1242 sic
921 1188 973 1243 ista
989 1186 1022 1243 ab
1039 1204 1072 1242 eo

158 1274 233 1348 quod
246 1273 286 1329 itti
301 1266 391 1344 ἥμιω
408 1271 501 1328 dicunt
519 1273 650 1328 declinata
666 1282 740 1328 sunt.

221 1366 333 1452 [334s]
357 1369 515 1429 Sestertius
537 1368 643 1429 dicitur
664 1376 766 1447 quarta
788 1386 857 1446 pars
872 1368 989 1439 denari,
1014 1386 1073 1447 quo

157 1473 338 1551 temporeis
361 1470 492 1531 decussis
514 1469 644 1540 valebat,
668 1470 697 1531 id
720 1478 764 1531 est
786 1469 953 1548 dupondius
976 1469 1007 1531 S.

222 1572 312 1654 [335]
331 1575 480 1632 Sestertius
496 1577 595 1632 dicitur
610 1584 705 1650 quarta
721 1595 785 1650 pars
805 1576 920 1647 denarii,
936 1593 991 1650 quo
1008 1584 1074 1631 tem·

109 1669 141 1718 15
159 1679 226 1737 pore
241 1664 264 1718 is
280 1662 401 1718 decussis
417 1662 537 1731 valebat,
554 1662 580 1718 id
597 1671 640 1717 est
655 1662 808 1736 dupondius
824 1669 851 1717 et
867 1663 957 1717 semis.

221 1756 332 1840 [347b]
357 1758 479 1819 Sesterti
501 1766 605 1819 notam
628 1806 635 1819 .
660 1806 666 1819 .
691 1807 697 1819 .
723 1760 770 1819 ait
796 1759 887 1838 sipon
916 1757 1075 1819 continere

158 1860 288 1939 dupundi
318 1867 346 1920 ct
374 1861 513 1922 semissis.
558 1860 640 1921 unde
667 1861 828 1922 sestertius
857 1859 959 1920 dictus
981 1857 1076 1939 quasi

158 1962 250 2024 cernis
278 1962 393 2022 tertius.
438 1962 491 2023 sed
513 1972 615 2024 auctos
637 1980 703 2023 osse
722 1970 835 2041 postea
857 1962 1002 2022 ascesin
1023 1977 1072 2019 se-

157 2064 275 2124 stertio.
322 2062 399 2141 apud
423 2065 558 2142 antiquos
581 2073 677 2125 autem
701 2064 825 2123 deuterii
847 2062 996 2124 denorum
1019 2079 1072 2120 as·

106 2177 139 2226 20
157 2166 236 2225 sium
259 2171 356 2231 erant,
381 2171 410 2224 et
431 2164 567 2225 valebant
588 2166 727 2225 decussio
748 2164 991 2244 dicebanturque
1012 2170 1072 2223 turn

158 2265 337 2344 qrradripati
365 2264 463 2343 bigati.
509 2268 697 2344 quinquessis
722 2267 792 2326 item
813 2265 941 2326 ualebat
962 2267 1072 2346 quina-

156 2367 234 2425 rias.
278 2365 360 2424 idem
392 2375 504 2427 auctor
534 2375 579 2426 est
610 2386 766 2428 numerum
794 2371 870 2428 aeris
897 2368 1074 2447 perductum

158 2484 226 2526 esse
253 2465 296 2525 ad
319 2464 396 2525 XVI
421 2467 453 2526 ia
482 2468 612 2528 denario
635 2469 702 2548 depe
723 2469 871 2530 Flaminia
895 2471 993 2531 minus
1015 2469 1074 2529 sol·

157 2568 257 2639 vendi,
293 2587 359 2629 cum
388 2566 578 2629 Hannibalis
613 2569 692 2631 delio
722 2579 912 2648 premeretur
946 2571 1074 2650 populus

109 2687 142 2736 25
159 2670 318 2733 Romanus.

225 2908 250 2955 4.
269 2906 334 2955 rudi
353 2911 410 2962 eod.
497 2909 643 2959 ruduscuiu
662 2910 718 2959 cod.
822 2912 847 2959 6.
866 2910 1073 2959 inestimatione

379 2987 394 3012 ii

157 3026 214 3075 rod.
285 3029 308 3076 7.
329 3027 409 3091 rudis
428 3030 484 3078 cod.
543 3029 567 3077 8.
588 3029 655 3090 conf.
670 3029 792 3095 reliquias
809 3030 918 3078 eiusdem
936 3031 987 3078 Ioci
1004 3029 1075 3093 apud

157 3109 258 3158 Festum
328 3112 579 3176 greeothrahuntur
599 3113 620 3162 G
705 3116 729 3162 9.
749 3113 872 3163 litterum
890 3113 981 3161 Festus
999 3120 1024 3162 et
1044 3112 1074 3173 G,

157 3191 352 3258 literamuuipo
423 3198 462 3247 10.
484 3197 576 3261 eptaG
644 3197 731 3260 ylaiG
800 3201 840 3247 11.
853 3198 963 3261 ymisiG
1033 3200 1073 3246 12.

160 3278 272 3327 ‘denari
296 3296 365 3329 corr.
384 3296 435 3329 see.
454 3298 520 3332 man.
539 3282 662 3331 denarii'
686 3282 755 3334 Keil.
842 3285 882 3333 13.
902 3282 945 3331 his
964 3281 1074 3332 decusis

160 3363 216 3412 cod.
291 3365 330 3412 15.
348 3370 408 3426 post
427 3367 508 3414 semis
529 3365 550 3415 G
568 3367 628 3415 add.
654 3368 754 3416 tertius
841 3367 880 3414 16.
899 3370 1075 3431 srippiementa

160 3447 232 3496 dirius
250 3448 299 3497 Ioci
315 3450 423 3513 repetivi
439 3464 474 3498 eo:
487 3449 634 3499 Mommseni
653 3451 681 3500 θ.
700 3451 730 3503 B.
749 3451 788 3500 M.
803 3466 831 3514 p,
852 3453 901 3500 289
958 3452 1012 3520 ,1⁵1.
1032 3466 1074 3500 se·

151 3530 233 3583 m1‘sr's
250 3533 307 3587 cod,
327 3532 381 3602 (K)
452 3534 494 3589 24.
513 3532 545 3587 P.
565 3534 599 3586 R.
618 3536 679 3587 eod.
