2378 3930
344 189 516 246 EDITORIS
534 188 751 245 PRAEFATIO.
897 270 900 276 Ι
1019 187 1059 242 IX

45 337 81 401 in
105 336 255 401 omnibus
280 339 312 401 et
334 336 512 401 maioribus
537 338 569 399 et
591 333 770 399 minoribus
794 334 941 417 partibus
967 334 1060 399 artis·

47 427 128 490 sime
155 426 241 489 inter
269 446 303 489 se
330 425 540 509 respondent,
567 428 604 488 ut
631 428 742 487 tamen
769 423 803 486 in
831 427 967 507 utraque
991 445 1060 488 ora·

47 515 136 578 tione
160 514 388 597 disputationis
411 517 505 577 tenor
529 514 676 577 seruatus
700 512 744 576 sit
765 533 868 595 neque
889 511 1060 576 interrum-

46 606 145 688 patur
181 604 285 666 iustus
321 602 556 666 sententiarum
587 622 794 685 progressus5
832 600 872 666 cf.
905 600 1060 685 ‘analysis

46 691 166 776 logica'
190 692 224 754 in
246 689 399 755 Lindneri
423 691 573 755 editione.
610 690 673 754 huc
698 689 778 754 adde
801 689 978 773 perfectam
1000 689 1061 753 dis·

49 780 176 845 serendi
204 784 307 844 artem
336 784 369 844 et
397 801 533 844 acumen
561 800 722 843 summum
728 829 737 862 ,
765 779 854 843 adice
882 778 1061 859 figurarum

47 869 283 934 rhetoricarum
316 869 443 933 uarium
472 868 683 953 pulcrumque
710 890 817 949 usum,
851 866 987 950 denique
1014 867 1062 930 in·

48 958 144 1023 tende
162 957 196 1022 in
216 958 374 1023 sermonis
393 979 433 1022 ex
452 955 617 1023 Ciceronis
636 962 669 1021 et
687 961 856 1039 poetarum
879 955 1062 1020 imitatione

48 1047 130 1111 bene
152 1047 246 1111 mixti
270 1068 308 1112 ac
330 1046 505 1130 compositi
526 1046 658 1110 delicias
678 1046 791 1109 miras:
814 1045 986 1130 intelleges
1005 1065 1063 1108 cur

49 1136 103 1200 hic
121 1136 268 1220 dialogus
288 1141 356 1200 tam
375 1136 469 1200 ualde
488 1135 649 1220 placuerit
661 1134 811 1218 patribus
826 1132 1064 1215 ecclesiasticis,

50 1225 166 1308 quibus
190 1225 335 1310 alioquin
357 1224 511 1289 laudandi
535 1245 608 1288 eum
633 1244 729 1288 causa
752 1244 819 1287 non
841 1227 936 1288 esset.

116 1313 202 1379 Nam
222 1314 251 1377 si
269 1335 346 1379 eura
364 1313 539 1378 intentiore
557 1311 732 1378 Octauium
751 1311 958 1396 perlegimus,
981 1309 1063 1374 illud

48 1403 145 1467 nobis
168 1402 344 1483 permirum
369 1402 486 1466 accidit
509 1401 596 1486 quod
618 1402 653 1464 in
675 1401 737 1465 hac
760 1400 993 1465 christianismi
1012 1399 1063 1464 de

48 1491 196 1555 tensione
218 1489 340 1554 frustra
359 1490 543 1572 quaerimus
563 1489 850 1554 christianismum.
887 1509 1063 1573 numquam

49 1578 212 1642 Minucius
244 1581 302 1641 aut
334 1575 456 1643 Christi
489 1599 609 1641 nomen
641 1577 775 1642 adhibet
808 1581 866 1641 aut
897 1599 936 1640 ex
968 1576 1063 1640 libris

51 1664 191 1752 sacris*)
215 1667 304 1730 locos
328 1665 440 1730 adfert.
477 1687 575 1750 porro
599 1664 638 1728 de
662 1666 707 1728 eis
731 1686 813 1748 quae
836 1665 968 1748 propria
987 1669 1064 1729 sunt

51 1756 157 1820 cultus
182 1754 352 1819 christiani
374 1775 416 1818 ne
434 1754 571 1818 uerbum
590 1753 718 1837 quidem
737 1756 839 1817 extat:
864 1752 903 1816 de
922 1749 1011 1840 λόγῳ
1031 1756 1064 1817 et

51 1845 169 1929 spiritu
193 1848 305 1909 sancto
329 1847 363 1908 et
385 1843 532 1908 trinitate
556 1842 712 1923 doctrina,
735 1841 845 1905 diuina
867 1841 941 1905 fidei
963 1842 1063 1925 inspi-

50 1934 145 2016 ratio,
168 1933 350 2016 baptismus
375 1953 519 2016 quaeque
541 1932 605 1995 alia
624 1930 709 2015 apud
729 1934 852 1995 ceteros
872 1930 1063 2014 apologetas

52 2022 262 2099 disseruntur,
285 2022 352 2086 alto
376 2020 507 2085 silentio
526 2023 717 2104 premuntur
736 2017 821 2102 apud
839 2017 990 2101 Felicem,
1013 2019 1065 2083 cui

51 2112 198 2176 ueritatis
231 2112 287 2175 lux
314 2114 364 2174 est
390 2109 648 2174 monotheismus
677 2112 710 2171 et
737 2107 854 2172 erroris
880 2127 946 2171 nox
974 2106 1064 2190 poly-
1140 2187 1143 2191 ¹

47 2199 224 2282 theismus,
253 2199 302 2264 cui
328 2198 415 2262 hunc
437 2220 537 2261 unum
561 2198 656 2261 deum
680 2196 808 2261 credere
831 2201 864 2259 et
887 2195 992 2259 colere
1015 2199 1066 2259 est

51 2289 169 2352 mentis
189 2287 408 2372 intellegentis
427 2307 517 2370 opus,
541 2286 593 2350 cui
611 2285 781 2369 inspiratio
800 2306 866 2349 non
885 2283 950 2349 alia
969 2306 1065 2368 quam

53 2397 136 2461 quae
172 2375 257 2460 apud
292 2375 439 2441 ethnicos
473 2397 599 2459 quoque
631 2374 772 2439 occurrit
802 2377 852 2438 est
884 2379 977 2455 nota,
1014 2373 1066 2437 cui

53 2465 159 2530 omnis
192 2464 364 2549 disciplina
396 2463 576 2529 christiana
606 2464 642 2527 in
675 2464 744 2527 uita
775 2464 860 2527 iusta
890 2466 923 2527 et
949 2462 1006 2546 pia
1032 2465 1066 2526 et

53 2559 143 2618 casta
166 2554 324 2620 consistit.
361 2553 478 2637 quodsi
500 2553 629 2618 abesset
649 2549 907 2617 Christianorum
932 2551 1065 2635 mentio,

52 2645 229 2706 tractatum
254 2664 341 2706 mere
364 2642 626 2726 philosophicum
648 2644 682 2704 te
705 2641 813 2724 legere
831 2642 973 2722 putares.
1011 2660 1065 2703 ua-

52 2731 111 2794 riis
149 2735 258 2794 autem
283 2730 400 2813 ,modis
435 2729 521 2794 hanc
556 2751 624 2793 rem
657 2727 775 2792 miram
807 2727 968 2809 explicare
1000 2730 1066 2791 stu·

53 2819 205 2901 duerunt3
232 2841 308 2883 nam
337 2818 399 2883 hoc
425 2839 503 2882 sane
530 2819 565 2882 in
592 2817 766 2901 propatulo
790 2821 853 2897 est,
880 2837 947 2880 non
969 2837 1067 2900 posse

125 2973 151 3044 '‘)
174 2990 270 3029 omnes
293 2974 369 3029 enim
391 2973 449 3030 loci
471 2973 520 3041 qui
542 2972 766 3028 recordationem
790 2987 886 3027 eorum
903 2971 1007 3027 referre
1026 2971 1067 3026 ui-

54 3047 166 3115 dentur,
190 3062 224 3098 ex
243 3043 381 3099 similibus
399 3044 575 3098 ethnicorum
594 3045 760 3113 scriptorum
779 3043 924 3098 inlustrari
941 3046 1067 3113 possunt,

53 3117 108 3172 nisi
128 3117 202 3186 quod
223 3116 283 3170 sola
301 3132 324 3171 c.
340 3122 382 3183 36,
398 3121 413 3169 5
432 3115 520 3169 uerba
538 3130 603 3169 aces
621 3118 680 3169 cicc
693 3115 864 3184 patrimonio
880 3115 983 3168 uiuant
997 3120 1021 3169 et
1034 3115 1067 3168 in

53 3191 124 3244 diem
154 3193 309 3257 pascuntur
340 3187 481 3241 undenam
508 3184 647 3240 Minucius
679 3185 829 3255 sumpserit
856 3185 926 3239 mihi
953 3184 1067 3252 quidem

52 3259 181 3329 ignotum
205 3260 256 3312 est.
292 3257 343 3313 sed
366 3257 389 3313 si
410 3258 504 3312 omnia
523 3257 647 3312 Senecae
665 3257 771 3326 scripta
788 3255 1006 3326 possideremus,
1030 3254 1067 3308 ad

54 3330 129 3384 hanc
151 3330 250 3399 procul
272 3328 357 3383 dubio
378 3333 495 3398 possent
512 3328 622 3383 referri:=
645 3328 715 3383 adeo
732 3326 806 3382 illud
823 3329 883 3384 cicc
896 3327 1067 3397 patrimonio

54 3418 198 3455 romanum
220 3399 294 3470 sapit
313 3403 463 3456 auctorem.
492 3399 610 3454 sortasse
629 3415 662 3452 ex
681 3415 782 3469 graeco
797 3399 919 3467 quodam
933 3397 1066 3466 scriptore

56 3472 150 3594 Stoiplo
169 3472 309 3526 sententia
326 3472 378 3526 illa
399 3473 429 3526 et
449 3470 479 3526 in
499 3471 636 3528 Senecam
659 3470 744 3526 etin
755 3467 942 3523 hetthaeum
951 3468 1079 3519 Musam·

45 3559 101 3608 que
140 3543 238 3596 uxerit.
