2378 3930
379 191 582 235 sesmroass
597 192 763 243 nouenos.
988 174 1026 235 11

94 332 287 391 adunarem
309 337 427 387 aetatem
448 323 626 403 pervenit¹⁰):
651 328 768 403 quodsi
791 335 878 386 totum
895 338 1025 402 exstaret,

107 416 271 475 haberemus
285 414 465 488 geometriam
480 413 514 470 ab
529 414 650 470 Romano
669 413 779 469 homine
794 430 882 488 eoque
897 415 1026 471 eruditis-

107 502 178 558 simo
202 499 386 573 conscriptam
409 515 441 556 ac
461 498 616 554 videremus
631 498 769 555 Romanos
791 498 884 572 paullo
900 499 982 555 altius
998 500 1026 555 in

107 602 167 642 eam
183 584 324 641 scientiam
338 583 525 657 penetravisse
538 599 619 656 quam
629 581 712 655 vulgo
724 590 852 657 putatur;
875 599 949 641 nunc
960 600 1025 641 vero

106 678 216 745 praeter
242 670 290 725 has
317 669 443 724 minimas
462 666 538 723 Balbi
564 666 695 740 reliquias
719 667 788 723 nihil
816 666 888 741 quod
913 667 1026 741 dignum

106 754 187 811 laude
202 753 239 809 sit
255 759 342 809 exstat
357 752 453 808 Latino
469 767 597 808 sermone
613 751 648 807 de
663 755 815 825 geometria
831 753 975 826 seriptum.
1047 776 1050 781 ·

170 839 292 911 benique
307 837 341 893 de
356 836 479 893 fontibus
502 836 623 893 breviter
643 837 786 895 dicendum
808 845 867 907 est,
889 837 960 893 unde
976 854 1026 895 sua

107 923 267 979 derivaverit
282 921 389 977 Balbus.
427 921 477 978 Hie
497 924 552 977 non
574 919 641 976 satis
663 930 705 977 est
720 922 754 977 ad
768 920 905 979 Euclidem
921 922 1025 979 referre

106 1007 188 1064 verba
208 1006 320 1063 Romani
342 1008 501 1079 scriptoris,
525 1005 598 1061 velut
618 1005 699 1064 haec:
736 1006 857 1080 Sipnam
879 1014 920 1062 est
941 1013 1026 1064 caius

103 1092 278 1163 porcarella
295 1098 352 1160 est,
374 1091 466 1146 Linea
485 1102 527 1148 est
546 1092 696 1164 lonqitado
713 1098 776 1148 sine
792 1092 963 1161 latitudine,
986 1092 1023 1148 li-

106 1192 180 1233 aeae
203 1184 299 1233 autem
316 1178 390 1245 fiaes
408 1182 510 1250 ripam
534 1192 603 1250 quae
620 1192 685 1233 sane
701 1193 830 1249 expressa
846 1184 912 1232 sunt
926 1192 1025 1233 secun·

107 1262 171 1319 dunt
186 1259 339 1317 Euclidem:
364 1260 411 1317 sed
432 1261 515 1317 alium
531 1269 673 1334 praeterea
688 1268 829 1318 auctorem
846 1261 960 1317 adscisci
976 1277 1025 1317 ne·

105 1361 184 1403 cesse
199 1354 257 1416 est,
279 1345 416 1401 Heronem
432 1345 502 1401 dieo.
538 1344 620 1401 Cuius
637 1344 660 1401 si
681 1344 855 1404 definitiones
871 1354 899 1400 et
914 1361 1025 1418 geome-

105 1432 176 1487 triae
199 1431 305 1485 initlum
327 1429 414 1485 oculis
435 1429 652 1503 perlustramus,
682 1432 803 1504 insignes
830 1429 1024 1487 similitudines

104 1514 333 1588 deprehendimus
350 1530 411 1571 cunr
424 1515 475 1571 hac
486 1513 560 1569 Balbi
573 1516 752 1587 expositione.
784 1515 832 1570 His
844 1516 930 1587 igitur
942 1513 1025 1570 Grae·

105 1601 147 1656 cis
168 1598 351 1672 scriptoribus
371 1616 401 1655 ae
423 1598 543 1655 tortasse
563 1597 624 1654 aliis
646 1598 808 1672 quibusdam
829 1601 856 1655 in
879 1597 1023 1655 scribendo

105 1682 177 1739 libro
199 1700 267 1739 usus
288 1692 331 1739 est
350 1683 466 1754 Balbus,
488 1699 607 1756 qnorum
627 1692 774 1756 praecepta
794 1700 855 1739 cum
878 1682 1024 1755 diligenter

105 1769 194 1823 animo
211 1771 396 1840 percepisset,
421 1768 484 1825 inde
505 1766 589 1840 elegit
604 1783 635 1823 ea
652 1784 721 1841 quae
736 1768 891 1824 necessaria
907 1784 969 1823 esse
983 1769 1023 1823 vi·

103 1852 235 1907 derentur
255 1852 287 1908 ad
303 1854 400 1909 civium
422 1868 536 1909 suorum
557 1868 637 1907 usum
658 1870 689 1908 ae
712 1860 769 1907 tum
785 1851 912 1908 Graecam
936 1858 1023 1907 artem

104 1936 279 2010 amplificavit
292 1937 476 1992 Romanorum
492 1938 708 2009 gromatieorum
724 1935 876 2009 disciplina.

344 2084 384 2133 De
402 2082 483 2132 Balbi
498 2096 672 2130 mensurarum
690 2080 783 2130 tabula.

169 2171 268 2226 Balbus
289 2179 435 2244 postquam
455 2170 634 2244 praelationis
655 2169 689 2227 ad
709 2169 816 2226 Celsum
842 2168 923 2225 finem
944 2148 1087 2242 iecit,1133

101 2272 183 2328 erpo,
203 2255 303 2329 inquit,
319 2271 356 2310 ae
371 2256 442 2328 qaid
452 2271 506 2311 aes
519 2261 696 2328 praeterisse
711 2256 877 2325 videamur,
895 2258 1024 2311 omniane

102 2356 308 2396 mensararum
328 2342 540 2412 appellationes
561 2340 757 2411 conferamus.
797 2356 866 2396 nam
883 2356 1023 2395 mensura

103 2441 162 2480 aen
184 2436 296 2481 tantam
317 2429 375 2482 ista
397 2426 433 2480 de
452 2443 511 2498 qua
537 2427 682 2498 loquimar
709 2426 891 2497 appellatur,
921 2426 973 2481 sed
996 2435 1025 2482 et

101 2510 247 2583 quidquid
265 2511 395 2581 pendere
415 2518 467 2565 aui
489 2514 656 2583 capacitate
681 2518 734 2565 aut
761 2503 880 2583 aliqui¹)
908 2511 1022 2580 finitur,

103 2610 270 2650 mensuram
287 2591 406 2669 aequffl)
428 2612 514 2668 paam
534 2596 745 2668 denpitadiaem
764 2595 915 2665 appellarat
930 2638 936 2648 .
954 2635 960 2648 .
976 2589 1022 2666 .⁸).

104 2743 158 2805 Qui
176 2743 231 2794 loci
249 2743 360 2793 dubium
380 2747 422 2792 est
439 2758 504 2791 num
523 2757 617 2793 omnes
637 2740 672 2791 ad
684 2742 758 2791 hanc
770 2739 853 2790 Balbi
872 2741 1023 2805 expositio·

102 2825 166 2860 nem
180 2811 328 2861 formarum
341 2809 441 2859 referri
453 2810 573 2873 possint3
592 2825 644 2858 nec
658 2807 806 2873 quidquam
819 2808 942 2872 impedit,
974 2823 1023 2858 no-

102 2879 193 2928 minas
212 2878 343 2941 Balbum,
362 2878 450 2926 virum
467 2877 497 2925 in
517 2881 577 2927 erte
595 2877 751 2941 grometica
769 2876 930 2940 principem,
951 2892 968 2925 a
982 2875 1022 2925 'os

100 2951 251 3009 praeterea
269 2943 367 2995 similis
385 2944 542 3008 argumenti
560 2943 647 2993 libros
666 2943 816 3006 scripsisse
835 2946 999 2993 statuamus.

173 3012 220 3077 10)
242 3013 383 3062 Desinunt
403 3010 489 3060 Balbi
513 3011 693 3076 expositionis
712 3008 848 3073 reliquiae
866 3026 893 3075 p.
912 3012 970 3072 107,
989 3012 1021 3068 93

99 3095 168 3129 nam
196 3095 287 3145 panca
311 3094 383 3144 quae
405 3078 436 3127 in
458 3077 538 3127 libris
561 3079 675 3142 insuper
698 3076 835 3126 adduntur
857 3077 917 3126 iure
940 3078 1021 3126 uncis

100 3147 263 3198 interclusit
275 3145 479 3196 Lachmannns.
503 3144 629 3210 Apparet
648 3148 741 3194 autem
753 3143 873 3193 Balbum
889 3144 940 3195 ille
958 3144 1021 3195 loeo

98 3228 158 3264 uon
175 3214 249 3265 ultra
267 3214 356 3279 prima
375 3213 466 3278 operis
485 3213 528 3261 sui
546 3212 627 3261 initia
645 3226 818 3277 progressum
838 3226 909 3264 esse.

172 3280 200 3347 1)
224 3281 270 3331 Sic
293 3279 440 3330 emendavi
457 3279 588 3330 librorum
606 3281 774 3343 scripturam
791 3280 880 3340 αηίηιί,
900 3280 973 3329 unde
992 3279 1021 3328 in

101 3348 168 3399 aliis
180 3350 289 3399 factum
300 3350 391 3410 animo,
406 3347 478 3413 quod
490 3348 623 3412 repetivit
634 3347 757 3397 Isidorus
771 3346 855 3410 (infra
868 3347 902 3396 ir.
917 3349 1021 3411 123,1).

171 3419 186 3466 2
216 3416 327 3466 Libris
362 3431 385 3465 e.

170 3416 197 3548 il
216 3433 439 3548 Punctaqbosui,
465 3484 594 3548 qnoniam
616 3482 663 3532 hie
688 3482 825 3547 quaedem
842 3480 1019 3531 intercidisse

101 3550 239 3601 videntur.
276 3550 355 3601 Geni.
377 3550 438 3602 adu
459 3553 483 3604 5.
