2378 3930
403 154 581 211 OCTAVIUS
600 173 624 213 c.
644 161 748 211 11-13
1051 156 1092 221 17

72 301 190 385 ureris,
228 323 300 366 oum
338 301 448 367 dolore
485 303 653 387 laceraris,
687 303 832 384 nondum
863 303 1087 369 condicionem

71 393 164 454 tuam
187 391 313 456 sentis?
336 391 482 455 nondum
506 391 676 476 adgnoscis
695 391 934 476 fragilitatem?
956 393 1091 473 inuitus,

73 479 181 562 miser,
214 479 416 545 infirmitatis
450 481 596 565 argueris
613 501 687 545 nec
720 479 855 545 fateris?
888 481 944 545 sed
973 481 1126 546 omitt04

73 568 266 632 communia
313 590 386 634 ecoe
419 569 512 634 uobis
543 569 651 633 minae
679 569 839 652 supplicia
866 573 1030 635 tormenta
1058 576 1091 635 et

43 656 139 719 siam
161 678 228 721 non
252 657 435 722 adorandae
455 657 511 722 sed
531 657 716 722 subeundae
735 678 856 741 cruces,
879 658 972 742 ignes
992 659 1091 723 etiam

73 766 154 828 quos
178 748 211 809 et
232 747 419 828 praedicitis
443 749 476 810 et
500 746 635 811 timetis:
665 746 722 811 ubi
745 746 825 810 deus
848 746 913 830 ille,
938 747 993 831 qui
1016 747 1091 812 sub·

71 833 183 896 uenire
206 833 483 907 reuiuesoentibus
506 838 628 919 potest,
656 834 844 900 uiuentibus
867 857 935 900 non
958 835 1090 920 potest?

72 943 180 987 nonne
208 921 349 988 Romani
381 924 450 988 sine
482 926 594 988 uestro
628 922 687 989 deo
719 923 905 1007 imperant?
941 928 1125 1009 regnanto

72 1009 225 1075 fruuntur
258 1013 336 1077 orbe
368 1015 439 1078 toto
472 1012 639 1097 uestrique
669 1011 892 1097 dominantur;
924 1034 984 1078 uos
1012 1035 1089 1078 uero

31 1116 60 1156 1⁰
75 1100 224 1182 suspensi
251 1100 384 1165 interim
412 1106 510 1185 atque
538 1101 671 1166 solliciti
693 1100 840 1165 honestis
863 1102 1089 1186 uoluptatibus

74 1189 256 1273 abstinetis,
274 1211 339 1254 non
357 1190 541 1274 spectacula
559 1190 674 1274 uisitis,
693 1211 759 1254 non
772 1190 901 1274 pompis
915 1190 1090 1274 interestis,

74 1278 226 1341 conuiuia
248 1279 380 1362 publiea
404 1279 528 1363 absque
550 1278 653 1363 uobis,
678 1299 770 1343 sacra
789 1280 976 1363 certamina,
998 1302 1090 1363 prae·

74 1369 202 1449 cerptos
227 1366 317 1431 cibos
341 1370 374 1431 et
397 1367 557 1433 delibatos
586 1367 742 1432 altaribus
770 1371 868 1452 potus
897 1368 1089 1433 abhorretis.

75 1453 121 1518 sio
145 1454 364 1518 reformidatis
383 1454 459 1520 deos
479 1477 559 1539 quos
577 1456 715 1538 negatis,
751 1478 818 1521 non
836 1456 972 1521 floribus
991 1461 1090 1542 caput
1109 1472 1125 1520 6

33 1557 60 1597 15
74 1541 217 1624 nectitis,
250 1563 317 1606 non
349 1564 463 1626 corpus
496 1543 651 1608 odoribus
684 1543 883 1608 honestatis:
915 1547 1090 1610 reseruatis

74 1634 243 1715 unguenta
261 1630 439 1713 funeribus,
461 1652 598 1696 coronas
618 1631 717 1696 etiam
736 1631 893 1716 sepulcris
913 1632 1091 1717 denegatis,

74 1717 201 1803 pallidi,
229 1719 362 1803 trepidi,
389 1719 611 1785 misericordia
639 1720 730 1804 digni
753 1718 876 1784 -sed
903 1725 1091 1786 nostrorum

74 1807 219 1893 deorum!
248 1807 296 1872 ita
318 1829 378 1873 nec
401 1808 573 1892 resurgitis
597 1808 709 1873 miseri
731 1830 791 1873 nec
813 1809 945 1873 interim
969 1810 1090 1876 uiuitis.

74 1896 210 1980 proinde
235 1897 264 1961 si
288 1897 364 1981 quid
395 1897 573 1982 sapientiae
596 1897 691 1963 uobis
716 1900 773 1962 aut
795 1897 1006 1963 uerecundiae
1030 1903 1090 1978 est,
1110 1913 1125 1961 τ

35 2002 62 2040 2ο
77 1985 216 2050 desinite
244 1986 326 2051 caeli
352 1986 469 2069 plagas
497 1988 530 2051 et
556 1986 667 2050 mundi
696 1985 767 2050 fata
790 1987 823 2051 et
846 1990 945 2051 terrae
968 1991 1091 2052 secreta

55 2134 61 2143 ,
76 2074 200 2139 rimari:
227 2073 307 2140 satis
327 2077 377 2139 est
394 2075 477 2158 qaod
491 2079 537 2140 est
554 2097 613 2159 pro
632 2073 769 2158 pedibus
789 2075 932 2157 aspicere
951 2076 1091 2142 maxime

76 2162 216 2227 indoctis
238 2163 386 2246 inpolitis
410 2163 571 2244 [rudibus]
596 2164 788 2248 agrestibus,
813 2163 929 2246 quibus
952 2185 1019 2229 non
1042 2168 1092 2229 est

77 2251 189 2315 datum
212 2251 399 2336 intellegere
424 2252 541 2337 ciuilia,
564 2253 668 2317 multo
693 2252 798 2337 magis
823 2251 1017 2337 denegatum
1041 2257 1092 2318 est

77 2339 234 2404 disserere
265 2340 385 2406 diuina.
426 2362 623 2427 quamquam
652 2341 679 2406 si
706 2340 960 2425 philosophandi
988 2337 1144 2406 libidolo

37 2443 63 2484 2⁵
78 2432 141 2512 est,
169 2427 338 2514 Socraten,
366 2431 546 2514 sapientiae
569 2430 762 2515 principem,
787 2431 923 2515 quisque
945 2434 1091 2496 uestrum

77 2517 176 2601 (tanti
199 2518 228 2581 is
250 2516 323 2605 est),
347 2519 375 2583 si
397 2519 534 2605 poterit,
556 2519 712 2585 imitetur.
750 2519 819 2584 eius
843 2519 918 2603 uiri,
941 2519 1091 2604 quotiens

77 2605 115 2669 de
149 2607 342 2672 caelestibus
374 2608 566 2693 rogabatur,
597 2610 676 2672 nota
707 2607 878 2690 responsio
911 2610 973 2671 est:
1005 2606 1092 2691 quod

78 2715 176 2777 supra
197 2717 268 2777 nos,
290 2695 372 2759 nihil
395 2697 436 2761 ad
453 2718 524 2761 nos.
544 2696 676 2760 merito
696 2714 774 2778 ergo
794 2694 833 2759 de
851 2694 981 2759 oraculo
999 2697 1091 2761 testi·
1110 2711 1125 2758 2

77 2783 223 2863 monium
250 2784 370 2847 meruit
396 2784 589 2868 prudentiae
612 2783 795 2868 singularis.
833 2782 937 2867 quode
960 2785 1090 2850 oraculo

36 2888 63 2928 30
77 2870 162 2934 idem
185 2871 255 2954 ipse
278 2873 439 2955 persensit
458 2873 581 2954 idcirco
602 2872 766 2937 uniuersis
788 2892 820 2937 se
838 2893 908 2936 esse
926 2873 1091 2958 praeposi-

148 3015 164 3063 2
184 3009 271 3064 sentis
289 3026 323 3065 ec
341 3009 414 3064 senis
430 3026 499 3067 corr.
515 3017 535 3063 P
551 3012 555 3080 l
571 3013 666 3066 malim
679 3011 771 3067 uictus
783 3010 903 3066 miseriis
917 3011 967 3066 inf.
981 3014 991 3081 l
1005 3018 1021 3067 7
1034 3029 1092 3067 non

75 3098 111 3137 m.
130 3086 146 3134 1
166 3097 187 3135 s.
208 3081 225 3135 l.
244 3083 287 3151 Pl
307 3086 340 3134 14
360 3081 451 3150 capud
469 3087 489 3133 P
507 3099 542 3137 m.
561 3084 602 3152 ΙΙΙ
621 3088 655 3138 20
673 3084 765 3138 terrae
785 3084 884 3138 addidi
902 3084 969 3139 lectt.
989 3085 1036 3137 lat.
1056 3089 1091 3138 26

77 3151 263 3221 (saeculorum
270 3151 1092 3226 Voaotiaa)ll21molimestolquodestadd.chssmooausll

77 3229 111 3278 22
136 3223 251 3277 rudibus
272 3223 370 3277 seclusi
391 3225 401 3292 11
423 3228 458 3278 24
476 3224 637 3280 filosofandi
655 3230 675 3276 P
697 3227 707 3294 l
729 3231 764 3280 26
782 3225 856 3280 tanti
874 3224 899 3278 is
918 3227 962 3279 est
978 3226 1091 3294 scripsi.-

76 3294 173 3348 tantus
192 3296 235 3349 est
253 3299 273 3346 P
292 3295 329 3348 ad
347 3295 478 3349 amussim
496 3295 521 3353 I.
542 3297 570 3350 I.
591 3296 796 3352 Cornelisseous
811 3299 816 3367 Ι
831 3295 956 3367 potuerit
972 3301 1001 3364 P,
1021 3312 1090 3351 corr.

77 3365 135 3419 edd.
156 3371 213 3420 aar.
228 3366 238 3434 ΙΙ
252 3371 285 3420 29
305 3366 397 3434 quode
415 3367 529 3421 oraculo
546 3369 659 3438 scripsi:
678 3367 755 3437 quod
768 3369 912 3423 oraculum
925 3373 945 3419 P
959 3369 969 3436 Ι]
982 3372 1016 3421 30
1030 3384 1090 3436 per-

78 3435 166 3559 ⁵3⁸*
186 3434 327 3492 02221223,-
349 3438 504 3506 praesensit
521 3443 554 3505 P;
579 3456 618 3494 aa
639 3440 727 3510 probe
750 3438 871 3495 sensit?
897 3441 902 3507 l
927 3452 956 3492 se
981 3437 1092 3494 addidit

119 3523 228 3562 meras.

131 3605 253 3646 Mrnucms
268 3608 362 3661 anrx,
373 3609 407 3648 ed.
421 3609 576 3651 Baehrens.
916 3601 932 3650 2
