2378 3930
78 235 126 302 34
436 233 582 290 mtcn
596 232 737 288 151,chss

44 400 62 449 s
79 382 161 447 baeu
178 381 242 444 iem
258 401 326 445 uon
343 384 420 444 sunt
437 401 541 461 saera,
557 383 722 444 tormenta
733 383 819 443 sunl.
845 376 949 463 quid?
971 377 1090 443 formae

80 471 173 555 ipsae
194 476 228 533 et
254 467 387 534 babitus
411 489 521 532 nonne
548 471 693 552 arguunt
717 467 860 531 ludibria
880 470 917 530 et
938 466 1090 531 dedecore

80 558 214 623 deorum
237 556 444 624 amborum?
470 555 637 621 Vuloenus
658 555 792 620 claudus
809 554 890 619 deus
912 560 949 619 et
970 555 1090 637 debilis

81 647 202 730 Apollo
220 651 273 711 tot
294 646 459 711 aetaubus
480 645 573 727 leuis,
594 643 809 727 Aesculapius
824 644 909 708 bene
926 643 1089 723 barbatus,

80 735 144 801 etsi
179 757 309 818 semper
343 733 558 798 adnleseentis
590 733 756 816 Apollinis
784 732 888 814 filius,
918 731 1089 816 Neptunus
1109 752 1119 792 ⁵

81 824 208 908 glaucis
230 823 347 906 oeulis,
367 821 518 886 llinerue
539 822 667 904 caesiis
688 821 819 886 bubulis
840 819 934 905 Iuno,
956 822 1088 905 pedibus

78 910 259 978 Mercurius
280 912 392 994 dalis,
413 910 485 975 Pan
505 910 687 994 unguleb's,
709 908 870 975 Saturnus
890 911 1088 994 aompeditis.

79 1000 178 1065 lanus
205 1022 285 1065 uero
311 1000 438 1066 frontes
460 998 541 1064 duas
563 1003 687 1083 gestat,
713 998 808 1083 qussi
828 1002 865 1061 et
885 1019 1024 1062 auersus
1046 999 1088 1062 in·

78 1089 175 1153 terim
205 1088 343 1154 inoedat
382 1086 492 1153 Diana
517 1088 669 1152 uenatrix
694 1091 746 1151 est
773 1085 840 1150 alte
867 1087 1035 1150 sueeiuetu
1059 1090 1089 1150 et

77 1176 224 1261 Ephesia
240 1177 392 1243 mammis
410 1176 522 1240 multis
538 1181 573 1240 et
584 1175 741 1240 uberibus
754 1177 920 1238 exameta
933 1178 968 1238 et
980 1173 1088 1238 Triuia
1099 1192 1121 1232 ιο

43 1287 60 1336 s
78 1267 173 1330 trinis
195 1266 357 1349 capitibus
375 1269 410 1329 et
431 1265 545 1329 multis
562 1263 715 1328 manibus
732 1262 893 1329 horrifica
925 1262 1005 1346 quid
1021 1262 1087 1346 ipse

77 1352 225 1438 Iuppiter
250 1351 379 1418 uester?
407 1352 507 1417 modo
532 1352 677 1417 inberbis
700 1351 870 1434 statuitur,
894 1349 995 1416 modo
1018 1352 1086 1416 bur·

77 1441 188 1524 batus3
211 1446 244 1505 et
261 1463 335 1507 eum
352 1440 520 1506 Hammon
537 1441 674 1523 locatur,
694 1440 796 1506 babet
812 1460 946 1523 eornua
963 1444 1085 1504 etcum

77 1527 292 1614 Capitolinus,
308 1533 388 1595 tune
405 1530 492 1614 gerit
507 1529 656 1612 fulmina
673 1532 794 1594 etcum
806 1525 958 1611 latiaris,
976 1549 1085 1594 eruore

77 1618 292 1702 perfunditur,
313 1622 348 1683 et
369 1639 442 1684 eum
459 1616 635 1701 Feretrius,
656 1639 778 1682 sarona
797 1615 953 1680 induitur.
990 1621 1025 1680 et
1045 1637 1083 1680 ne
1095 1633 1117 1675 1⁵

77 1707 208 1791 longius
234 1707 356 1772 multos
377 1705 473 1771 Ioues
495 1707 627 1788 obeam,
653 1709 707 1770 tot
727 1709 805 1771 sunt
825 1700 916 1769 Iouss
942 1709 1087 1770 monstra

43 1814 59 1863 ‘1
78 1800 159 1878 quot
175 1795 316 1860 nomina.
342 1794 487 1879 Erigone
505 1816 665 1878 suspensa
679 1793 720 1860 de
737 1795 853 1878 laqueo
867 1797 928 1875 est,
944 1797 984 1859 ut
997 1794 1085 1878 uirgo

77 1883 163 1964 iuter
185 1887 274 1948 astra
296 1884 409 1969 agnitu
430 1884 488 1967 sit,
514 1880 667 1949 Castores
689 1882 826 1947 alternis
847 1882 1033 1947 moriuntur
1053 1887 1087 1946 ut

78 1971 203 2056 uiuent,
236 1971 448 2056 Aesculapius
480 1974 518 2036 ut
550 1972 586 2036 in
612 1971 708 2036 deum
740 1973 854 2056 surgat
884 1969 1086 2053 fulminatur,

149 2171 165 2219 2
185 2165 287 2218 deeora
300 2169 329 2231 Ρ,
342 2180 411 2220 carr.
429 2162 559 2219 Gelenius
571 2165 582 2231 l
594 2169 611 2216 3
624 2163 781 2232 ylossenate
794 2163 911 2216 claudus
925 2162 995 2217 deus
1009 2164 1085 2218 nean

77 2236 170 2289 malim
189 2235 259 2302 pede
279 2234 379 2288 debilis
393 2234 471 2303 (deus
485 2235 573 2289 salam
587 2235 649 2290 eiad
663 2232 811 2300 Wowerns)
825 2235 902 2302 18,9
918 2248 1035 2287 auersus
1048 2233 1083 2286 in·

78 2305 167 2360 cedet.
187 2303 278 2358 Diana
296 2303 409 2358 interim
428 2308 471 2359 est
488 2306 546 2359 ulte
564 2304 707 2358 succincta
725 2304 854 2358 uenatrir
872 2305 902 2358 et
920 2304 1038 2372 ephesia
1054 2309 1083 2367 1’;

76 2378 109 2430 in
125 2392 177 2430 sua
195 2377 255 2429 loca
272 2376 354 2428 reieci
370 2377 529 2444 importunae
547 2392 623 2430 nane
639 2375 776 2430 noeabnla
792 2375 906 2428 interim
921 2380 947 2429 et
960 2375 1084 2429 uenatrir

76 2447 118 2512 (et
136 2445 269 2499 aduersus
289 2447 318 2498 et
331 2461 445 2498 auersus
459 2446 573 2499 incedut
585 2446 720 2515 Koatius)
733 2448 744 2515 Ι
758 2452 792 2499 10
805 2446 938 2500 uberibus
957 2445 1083 2500 Ursinus:

75 2514 188 2570 ueribus
202 2515 234 2586 Pl
247 2514 332 2569 tribiu
345 2518 383 2585 Pi,
394 2520 426 2567 12
441 2515 567 2570 inberbis
581 2534 615 2571 ee
629 2518 684 2570 -uis
699 2533 767 2572 corr.
781 2515 1012 2586 P3112,13m0d0
1025 2516 1082 2570 bar·

75 2585 159 2641 batus
177 2587 293 2642 locetur.
313 2587 343 2639 et
361 2604 424 2640 eum
443 2587 576 2640 hammon
594 2587 698 2640 dieitur
715 2589 802 2641 habet
820 2593 853 2650 1²3
874 2587 986 2640 locatur
1004 2587 1083 2656 (qaod

76 2658 144 2713 delet
166 2659 358 2727 Heumannus)
386 2662 568 2715 mouturam
594 2659 678 2713 babeo
704 2659 782 2712 illias
803 2658 875 2724 falso
897 2658 997 2726 serapti
1020 2657 1082 2711 diei·

75 2730 130 2796 tur,
148 2731 220 2799 qnod
238 2731 370 2784 absonam
388 2733 426 2784 est
445 2731 520 2797 (oum
533 2729 674 2784 Hammon
692 2729 803 2795 dieitur,
822 2727 897 2797 gerit
914 2728 1058 2796 fulminat)
1075 2728 1083 2798 ll

77 2803 110 2852 15
136 2816 238 2854 corone
261 2799 386 2854 induitur
408 2801 553 2868 temptaui:
581 2816 636 2854 non
658 2800 812 2853 auditur?
835 2799 937 2867 opimis
959 2797 1083 2853 induitur

75 2870 102 2923 1.
115 2868 166 2926 Fr.
179 2869 347 2935 Gronaaias
361 2877 461 2926 aetnae
474 2871 644 2926 coenaturus
658 2876 708 2924 ant
721 2871 838 2924 absonae
851 2875 902 2924 aut
911 2870 994 2924 Ioues
1003 2869 1082 2924 Fere·

74 2942 124 2994 trii
137 2943 169 2993 in
182 2946 275 2995 statua
288 2942 400 3009 specim
413 2941 628 3013 neplepuntlllb,
640 2947 672 2995 16
684 2943 778 2996 malim
791 2956 826 2994 ue
840 2939 953 3010 lougius
969 2940 1082 3011 [multos

73 3010 165 3081 Ioues]
189 3009 289 3065 abeam
312 3013 422 3081 (obeam
444 3014 503 3067 sine
525 3014 622 3067 addito
640 3029 766 3067 sermone
785 3012 829 3066 nel
847 3009 974 3065 emtione
993 3012 1082 3066 obsce

75 3084 146 3151 rnna)
161 3084 170 3151 ΙΙ
185 3088 219 3136 16
237 3080 311 3137 Iouis
329 3083 397 3138 delet
415 3083 558 3152 Sanppins
571 3086 581 3154 fl
596 3089 628 3137 17
648 3084 723 3150 quod
741 3089 761 3135 P
776 3084 781 3152 Ι
795 3087 857 3151 post
874 3082 991 3136 nomine
1009 3083 1081 3136 aber·

73 3159 153 3210 rante
175 3154 290 3208 librario
313 3171 331 3208 a
353 3155 466 3209 nomine
489 3156 527 3210 ad
550 3154 666 3208 numina
687 3154 856 3210 intercidisse
873 3157 945 3222 pate
962 3153 1082 3208 nerbas

76 3224 215 3296 (bppriano
240 3230 264 3292 1,
284 3231 299 3278 3
322 3226 510 3294 suppeditata:
534 3228 563 3280 et
585 3226 729 3279 uideamus
752 3242 789 3280 an
811 3225 850 3278 sit
872 3224 991 3278 ethaeo
1010 3223 1081 3292 epud

74 3295 199 3365 singulos
228 3293 339 3349 ueritus.
381 3294 538 3350 Melicertes
568 3299 596 3350 et
618 3294 778 3351 Leucothea
803 3292 1026 3364 praecipitentur
1052 3293 1081 3346 iu

72 3368 163 3422 muria
186 3369 215 3421 et
237 3366 306 3420 fiunt
329 3366 506 3437 postmodum
530 3366 614 3421 maris
632 3367 748 3421 numine
770 3368 780 3435 {l
804 3370 837 3420 18
856 3364 954 3434 agnita
971 3365 1081 3434 scripsi.-

71 3439 210 3507 ignata?
232 3438 322 3509 ignita
344 3439 428 3507 anlpo
451 3438 613 3492 otiosissime
634 3439 763 3507 epitheto;
784 3438 909 3506 seqnitur
926 3435 1000 3490 Min.
1024 3451 1080 3490 eam

53 3510 180 3658 pabulas)
201 3513 337 3583 smmum,
366 3528 422 3585 qna
446 3508 574 3568 Bacchas
599 3510 724 3578 correpte
746 3507 888 3575 Eretum
907 3506 1000 3571 watex
1022 3510 1078 3560 met.
