2378 3930
160 222 203 286 28
472 220 713 283 'eaoucoouuna
729 240 762 281 ru

162 371 262 437 versati
281 372 391 450 sunt¹⁰).
422 377 490 433 Tum
515 394 530 433 a
552 376 671 450 scripulo
692 378 784 450 pergit
795 377 832 433 ad
845 375 984 449 dragmam
998 370 1082 451 ¹(hanc

163 466 244 521 enim'
257 464 373 520 formam
392 462 439 518 illa
454 469 529 518 aetas
545 459 743 535 praelerebat),
765 460 913 531 sicilicum,
936 460 1081 532 sextulam,

163 549 295 619 duellam,
316 547 438 615 unciam,
462 546 579 620 denique
593 545 705 622 libram,
721 561 812 618 neque
828 561 945 618 usquam
960 547 989 600 in
1005 546 1049 602 his
1065 562 1082 602 a

164 630 285 706 legitima
302 633 408 687 ratione
423 629 547 686 discedit.

227 716 350 772 Extrema
377 715 428 771 hae
455 716 581 770 carminis
602 714 750 788 particula,
777 720 808 769 ut
833 713 964 783 diximus,
992 715 1083 771 Attica

166 802 297 876 quaedam
327 799 395 856 libra
425 801 598 873 septuaginta
629 800 751 872 quinque
782 798 916 855 drachmis
943 798 1080 854 definitur.

166 888 215 942 llic
233 893 306 941 certe
324 883 468 956 scriptoris
487 899 608 939 errorem
627 883 871 957 deprehendimus,
893 884 971 939 cuius
990 891 1084 938 tamen

165 972 269 1027 socium
285 968 367 1024 hahet
375 968 526 1024 Dardanum
545 968 620 1023 illum
636 985 651 1022 a
665 967 804 1023 Prisciano
821 970 942 1023 citatum.
973 966 1084 1023 Etenim

166 1071 226 1110 cum
243 1054 417 1127 septuaginta
433 1052 555 1126 quinque
570 1060 694 1109 vetustae
710 1052 852 1108 drachmae
867 1053 974 1108 Atticae
990 1054 1085 1107 incur·

166 1146 258 1194 rerent
276 1139 303 1192 in
319 1137 415 1193 llhram
430 1136 595 1207 Romanam,
617 1137 714 1193 hiduo
731 1138 895 1209 scriptores,
919 1153 981 1193 cum
1001 1136 1086 1209 plane

167 1223 306 1279 nescirent
318 1221 595 1278 vetustaedrachmae
608 1222 713 1277 Atticae
725 1221 833 1294 pondus
844 1221 981 1277 diversum
995 1220 1085 1276 luisse

167 1326 180 1364 a
196 1307 301 1380 vulgari
316 1306 499 1362 Romanorum
516 1305 652 1375 drachma,
667 1305 720 1362 hcc
736 1312 778 1361 est
793 1305 904 1361 denario
915 1304 1082 1373 Neroniano,

166 1392 302 1447 linxerunt
316 1391 432 1446 Atticam
455 1390 586 1463 quandam
608 1390 704 1446 libram
727 1389 768 1445 vel
791 1392 889 1445 minam
907 1390 1085 1464 septuaginta

167 1477 288 1548 quinque
312 1474 499 1531 drachmarum
526 1476 582 1533 sive
606 1468 825 1545 denariorum¹¹).
873 1477 963 1548 Atque
989 1474 1085 1530 eadem

167 1555 273 1616 ratione
293 1562 408 1633 proximi
431 1559 512 1615 huius
528 1560 656 1615 carminis
671 1575 768 1615 versus
784 1557 930 1630 (32—40)
945 1558 1083 1615 iudicandi

166 1652 241 1713 sunt,
257 1644 303 1699 uhi
318 1643 554 1716 Atticapondera,
574 1643 717 1714 talentum,
732 1645 814 1713 mina,
831 1643 967 1712 drachma,
984 1642 1087 1699 obolus

166 1729 325 1784 alleruntur.
360 1727 490 1782 Nimirum
512 1744 572 1782 cum
595 1727 723 1801 scriptori
746 1745 907 1800 persuasum
926 1729 961 1783 sit
976 1728 1086 1783 Atticae

167 1813 309 1868 drachmae
331 1809 462 1885 (itemque
485 1810 570 1883 oholi)
591 1813 699 1891 pondus
720 1828 775 1867 raon
800 1812 908 1868 differre
930 1811 1082 1869 allomaua
1134 1867 1139 1876 ,

167 1897 318 1972 ponderum
338 1898 444 1952 ratione
467 1912 547 1968 quam
564 1895 644 1952 modo
661 1897 802 1968 esposuit,
826 1898 952 1970 sequitur
967 1905 998 1952 ut
1013 1898 1086 1951 Atti·

169 1999 226 2039 cam
239 1983 337 2037 minam
350 1981 430 2037 iaciat
444 1988 575 2055 quattuor
586 1980 720 2037 drachmis
732 1981 860 2038 maiorem
869 1982 987 2037 Romana
999 1980 1084 2049 lihra3

171 2076 226 2122 tum
244 2073 334 2122 autem
350 2068 451 2139 repetit
468 2065 563 2121 salsam
579 2068 657 2122 istam
673 2065 873 2123 lihraedtticae
885 2065 1082 2123 definitionem.

232 2150 362 2222 Sequitur
385 2152 453 2206 assis
475 2149 632 2206 distributio
648 2148 696 2221 (vs.
715 2147 850 2225 41-55)
869 2152 935 2206 scite
957 2150 984 2205 in
1001 2153 1088 2206 versi·

170 2234 247 2290 culos
268 2234 384 2288 redacta.
430 2234 477 2289 Uhi
499 2235 612 2289 sormam
635 2236 792 2305 dcconer's,
820 2252 899 2307 quam
924 2234 1083 2290 nominativi

170 2317 230 2372 loco
254 2317 363 2389 plurimi
385 2318 454 2372 salso
476 2317 644 2387 habuerunt,
665 2322 813 2393 genitivum
837 2336 897 2375 esse
920 2335 951 2374 ex
967 2321 1085 2374 decane

170 2410 248 2458 acute
264 2401 396 2455 Christius
412 2397 595 2474 perspexit¹²).
630 2402 773 2460 Praeterea
790 2404 822 2459 ad
837 2405 904 2460 haec
918 2403 985 2458 nihil
1001 2405 1086 2460 aduo-

168 2485 286 2541 tandum.

232 2570 298 2625 'lum
323 2569 407 2626 ‘haec
427 2569 459 2624 de
481 2570 671 2642 ponderibus’,
697 2572 787 2645 inquit
806 2575 941 2646 scriptor,
970 2574 1086 2646 ‘super-

168 2663 312 2727 estpars
337 2654 450 2710 altera
475 2653 577 2724 nohis',
601 2656 705 2713 scilicet
726 2663 757 2711 ut
776 2672 920 2713 mensurae
945 2656 1086 2730 liquorum

168 2755 199 2793 ac
213 2740 343 2794 frumenti
359 2738 528 2813 explicentur
544 2737 592 2810 (vs.
610 2739 756 2811 56-90).
788 2740 836 2796 llic
851 2750 926 2797 recte
941 2742 1038 2814 incipit
1052 2743 1087 2798 ab

167 2825 299 2896 aruphora
314 2824 432 2880 Rornana
448 2825 504 2879 sire
521 2823 706 2896 quadrantali,
724 2824 797 2898 quod
812 2825 949 2898 quomodo
969 2842 1000 2880 en
1017 2827 1087 2900 pede

167 2917 295 2979 porrecto
320 2906 464 2980 efficiatur,
486 2918 610 2965 accur-ate
637 2909 814 2965 demonstrat.
852 2910 952 2965 Deinde
979 2910 1087 2966 minora

168 3007 255 3063 usque
273 2993 305 3046 ad
321 2994 446 3064 cyathum
463 2994 500 3048 ita
516 2993 647 3066 explicat,
671 3002 703 3049 ut
724 3003 750 3048 et
772 2994 900 3050 frumenti
920 3003 946 3049 et
968 2992 1086 3068 liquido·

168 3121 370 3132 ———-—.

220 3190 261 3251 10)
281 3190 432 3242 eonf.v01.
451 3193 509 3256 Ip.
530 3194 562 3242 96
582 3192 653 3250 adn.
672 3209 697 3257 p.
718 3195 774 3243 140.
811 3193 980 3242 Praesertim
998 3192 1088 3243 multa.

167 3258 196 3307 in
214 3256 265 3307 hoc
285 3274 387 3322 genere
413 3264 580 3309 commentos
604 3275 663 3310 esse
689 3264 800 3310 constat
816 3260 962 3345 Hebraeos
981 3262 1088 3312 veteris

168 3328 328 3375 testamenti
347 3327 521 3390 interpretes.

236 3390 281 3456 11)
298 3392 378 3440 Haec
399 3393 539 3473 explicate
557 3398 620 3443 sunt
639 3411 656 3444 a
673 3394 816 3445 Boechhio
835 3411 861 3460 p.
882 3397 943 3452 117,
963 3394 1086 3445 Christio

166 3476 193 3539 p.
213 3461 284 3511 tos.
305 3454 532 3522 (commentarii'
524 3476 553 3510 m
570 3462 624 3511 vol
639 3462 696 3526 Ip.
715 3463 747 3513 67
767 3462 829 3512 adn.
849 3462 985 3526 teitan),
1003 3463 1087 3513 nobis

167 3529 197 3576 in
214 3525 352 3592 Philologi
370 3525 424 3576 vol.
442 3527 564 3593 XXIIp.
584 3530 674 3578 205³.
694 3530 785 3581 atos.

236 3595 278 3660 12)
296 3594 366 3645 Mus.
384 3593 471 3644 Rhen.
490 3594 584 3658 XXp.
604 3595 675 3645 cos.
