2378 3930
423 185 603 241 OCTAVIUS
623 204 645 242 8,
665 194 690 243 8.
710 193 734 242 9.
1044 185 1085 250 13

70 333 173 417 ipsius
196 331 354 396 antistitis
379 353 417 396 88
440 331 617 396 sacerdotis
641 334 744 396 colere
767 332 922 416 genitalia
940 335 974 396 et
993 332 1086 417 quasi

70 420 217 504 parentis
246 420 296 485 sui
322 420 457 485 adorare
480 424 645 484 naturam:
674 422 783 486 neseio
807 421 970 506 anfulsus,
998 424 1085 486 certe

72 509 209 575 occultis
240 530 276 574 88
305 509 474 574 nocturnis
498 509 597 573 saeris
622 509 770 593 adposita
793 510 946 594 suspicio!
975 510 1086 594 etqui

70 599 238 664 hominem
271 619 397 662 summo
430 597 589 682 supplicio
617 620 675 682 pro
702 597 845 664 facinore
872 599 1025 682 punitum
1052 602 1087 664 et

40 687 176 752 serucis
199 687 290 771 ligna
311 686 428 751 feralia
450 707 562 751 eorum
580 687 793 752 caerimonias
812 687 986 770 fabulatur,
1009 708 1085 753 oon·

72 775 222 861 gruentia
253 774 389 859 perditis
423 775 652 860 sceleratisque
684 775 801 840 tribuit
828 775 958 858 altaria,
990 779 1027 840 ut
1053 776 1086 841 id

71 865 181 928 colant
204 864 290 948 quod
310 867 486 929 merentur.
523 864 588 928 iam
607 863 645 927 de
664 863 833 930 initiandis
852 866 1022 930 tirunculis
1041 865 1087 930 fa·
1105 879 1121 928 5

70 952 150 1016 bula
172 955 240 1016 tam
260 952 452 1018 detestanda
472 974 569 1037 quam
587 956 667 1018 nota
686 956 744 1017 est.
780 953 888 1018 infans
906 953 992 1018 farre
1011 975 1086 1019 oon·

71 1043 176 1105 taetus
207 1043 256 1122 [ut
283 1040 422 1124 decipiat
449 1041 612 1123 incautos]
643 1041 816 1125 adponitur
842 1043 873 1106 ei
903 1043 958 1127 qui
986 1042 1086 1107 sacris

30 1147 59 1186 10
71 1124 236 1194 inbuatur.
272 1129 301 1193 is
324 1130 432 1196 infans
457 1152 476 1194 8
498 1131 663 1196 tirunculo
686 1129 785 1195 farris
804 1130 972 1215 superficie
992 1132 1087 1216 quasi

73 1217 113 1281 ad
141 1218 291 1284 innoxios
321 1219 405 1283 ietus
428 1223 606 1303 prouocato
630 1219 733 1284 caeeis
756 1220 955 1304 occultisque
978 1221 1087 1285 uulne-

72 1306 162 1371 ribus
182 1307 347 1372 occiditur.
380 1307 477 1372 huius
496 1305 569 1393 (pro
588 1308 680 1373 nefas
688 1306 711 1395 1)
731 1307 879 1374 sitienter
895 1309 1086 1394 sanguinem

72 1394 232 1478 lambunt,
255 1396 352 1460 huius
376 1397 525 1461 certatim
548 1397 696 1462 membra
714 1397 918 1482 dispertiunt,
941 1397 1087 1463 1188188-

74 1482 226 1546 derantur
248 1484 372 1567 hostia,
394 1484 456 1549 hae
479 1485 678 1551 conscientia
702 1486 832 1550 sceleris
857 1485 897 1550 ad
920 1487 1086 1551 silentium

31 1588 59 1628 15
73 1575 222 1635 mutuum
244 1571 466 1655 pignerantur.
512 1572 592 1639 baeu
616 1595 709 1638 saura
731 1574 910 1658 sacrilegiis
934 1575 1085 1640 omnibus

71 1659 238 1725 taetriora.
280 1663 313 1723 et
340 1660 379 1724 de
407 1661 560 1725 conuiuio
586 1665 702 1726 notum
731 1664 794 1745 est3
823 1663 946 1745 passim
974 1678 1121 1728 omnese

71 1749 231 1833 locuntur,
254 1748 287 1812 id
310 1749 412 1813 etiam
431 1746 587 1815 Cirtensis
610 1750 715 1815 nostri
736 1752 876 1815 testatur
894 1751 1009 1817 oratio.
1046 1752 1087 1816 ad

73 1836 187 1921 epulas
224 1836 375 1902 sollemni
412 1837 463 1903 die
495 1842 614 1903 coeunt
645 1859 719 1904 uum
751 1839 943 1923 coniugibus
975 1840 1086 1905 liberis

72 1926 239 1990 sororibus
272 1926 446 2011 matribus,
479 1949 574 1992 sexus
608 1929 714 1993 omnis
746 1927 893 2007 homines
922 1930 954 1992 et
980 1929 1087 1994 omnis

30 2033 58 2072 ao
73 2015 206 2101 aetatis3
232 2014 302 2080 11118
324 2018 401 2098 post
428 2011 531 2080 multa
557 2017 675 2099 poeula
697 2016 754 2081 ubi
777 2016 963 2081 conuiuium
986 2018 1088 2083 ualuit

72 2105 105 2167 et
127 2104 162 2166 in
184 2125 296 2168 888888
323 2103 475 2170 libidines
499 2105 669 2170 ebrietatis
696 2104 807 2169 feruor
829 2106 963 2190 exarsit,
988 2107 1087 2191 oanis,

72 2191 128 2275 qui
150 2191 344 2257 candelabro
367 2214 469 2258 nexus
492 2197 556 2278 est,
578 2194 666 2259 iaetu
689 2193 808 2259 offulae
830 2194 918 2259 ultra
942 2196 1086 2278 spatium

70 2279 189 2364 lineae,
218 2303 283 2365 qua
309 2280 437 2346 uinctus
465 2286 528 2367 est,
557 2281 597 2347 ad
624 2283 783 2367 impetum
808 2287 840 2347 81
868 2284 989 2348 saltum
1011 2306 1086 2368 pro·

60 2371 216 2433 8888188.
254 2369 300 2434 818
323 2390 436 2436 euerso
460 2374 494 2435 81
517 2372 659 2437 extincto
683 2373 814 2439 conscio
836 2372 959 2437 lumine
977 2373 1121 2457 inpruu

31 2474 57 2514 88
72 2455 221 2522 dentibus
253 2459 397 2523 tenebris
433 2480 535 2525 nexus
574 2460 726 2526 infandae
760 2461 955 2546 cupiditatis
983 2463 1088 2528 inuol-

71 2549 166 2630 uunt,
198 2568 255 2630 per
283 2548 442 2613 incertum
471 2550 584 2633 sortis,
618 2551 680 2615 8181
706 2570 773 2614 non
803 2572 915 2615 ornnes
943 2572 1088 2635 corpore,

145 2758 159 2807 1
179 2755 291 2810 antistis
304 2762 324 2808 P
338 2758 348 2827 {l
362 2763 378 2812 5
396 2758 559 2813 fabulantur
572 2763 592 2810 P
605 2760 615 2828 l
633 2763 649 2812 9
668 2759 701 2812 81
719 2757 842 2828 decipiat
859 2756 988 2812 18888188
1001 2775 1035 2814 ex
1049 2761 1103 2814 eis·

72 2841 141 2894 puae
155 2831 284 2880 seewatur
297 2828 494 2896 interpolatum
506 2829 625 2898 8881888111
641 2834 675 2883 10
688 2829 815 2914 intuitur
829 2829 971 2913 Uraipuafl
986 2835 1018 2886 13
1032 2828 1087 2886 dis·

72 2897 1088 3042 111111111181181111181111111111111

71 3037 176 3093 multas
196 3039 313 3108 aepulas
326 3046 356 3110 P,
375 3056 437 3096 eum
454 3046 546 3096 tamea
563 3040 625 3098 illio
643 3047 742 3112 spectet
755 3044 793 3098 ud
806 3045 1088 3113 8888888888888188

71 3125 121 3164 888
143 3110 187 3164 bio
205 3109 306 3179 epulae
327 3128 380 3180 pro
404 3113 517 3179 ferulis
535 3114 626 3183 accipi
644 3115 768 3182 possiut;
789 3116 863 3185 quod
880 3116 980 3185 8881881
997 3116 1089 3170 multa

72 3180 177 3250 pocula
200 3183 368 3237 commendat
389 3183 514 3238 imitator
537 3183 616 3253 Sulp.
636 3183 699 3239 Seu.
718 3186 812 3240 81888.
829 3185 857 3239 ΙΙ
879 3192 956 3254 13,’1
981 3187 986 3255 Ι
1013 3202 1087 3241 oom-

72 3250 181 3305 uiuium
206 3252 296 3306 888811
314 3258 334 3304 P
351 3256 361 3323 l
379 3258 412 3308 11
433 3253 463 3307 18
481 3270 579 3310 888888
597 3253 730 3311 libidines
749 3255 922 3313 6888881888
944 3258 1087 3313 1888888188

73 3321 199 3376 lrmdrms
215 3321 396 3392 (1118888811
412 3326 416 3395 Ι
433 3325 523 3380 earnis
534 3330 554 3379 P
567 3326 578 3395 ΙΙ
591 3330 634 3393 24,
644 3331 680 3380 25
693 3327 908 3397 inprudentibus
917 3330 1030 3397 scripsi:
1044 3328 1086 3384 in·

72 3393 244 3461 pudentibus
257 3399 278 3446 P
296 3396 342 3464 (ef.
357 3397 514 3466 oppositum
527 3395 650 3468 conscio)
663 3399 673 3467 ΙΙ
686 3403 722 3453 25
735 3415 808 3453 nexu
822 3415 852 3453 88
868 3397 1087 3467 0881188888

72 3464 119 3517 sed
136 3463 193 3521 inu.
211 3465 294 3535 18898
312 3483 373 3521 oum
391 3471 449 3523 ten.
467 3468 477 3536 l
496 3473 529 3523 26
549 3469 632 3524 sortis
651 3476 826 3540 corruptum
847 3474 917 3537 puto
936 3468 1032 3521 188118
1046 3471 1097 3519 unt

67 3534 182 3602 noetis!
196 3552 311 3604 corpore
329 3540 438 3611 (o'pore)
458 3539 621 3599 Harteliua:
641 3547 787 3614 operae!
809 3553 902 3608 aum
918 3537 965 3590 ‘d-
978 3551 1031 3601 Pl·
