2378 3930
60 206 99 262 lv
363 203 536 259 EDITORIS
555 203 771 262 PRAEFATIO.

61 351 176 417 nucius
204 348 379 415 Frontonis
408 347 527 434 Apulei
555 348 652 415 Gellii
684 350 886 434 temporibus
914 351 1078 416 interdum

60 438 198 524 accedit,
227 439 276 503 ia
303 438 443 503 maxime
471 460 532 502 usu
559 439 618 504 illo
645 438 680 502 in
711 438 835 504 deliciis
863 438 980 505 habito
1011 441 1076 505 eius

61 529 185 613 figurae
208 526 398 611 rhetoricae,
421 550 486 611 qua
504 526 568 591 tria
586 527 746 592 uocabula
764 527 952 612 asyndetice
972 551 1078 594 cumu-

59 619 178 682 lantur.
214 616 299 681 hanc
323 616 442 700 quippe
466 619 498 680 et
518 615 640 680 Fronto
660 615 788 698 saepius
808 616 943 681 adhibet
962 621 995 680 et
1014 617 1077 682 Ha·

61 705 192 770 drianus
215 706 405 789 imperator,
439 703 478 770 ef.
502 702 536 769 C.
559 704 584 770 I.
607 702 643 768 L.
667 703 747 769 VIII
771 704 928 770 25323b
951 727 1010 771 uos
1035 708 1076 772 lu·

54 794 184 878 piditas
203 794 376 877 praedibus
395 793 547 876 procidus
569 793 794 877 inaequalibus,
817 815 892 876 quos
914 815 1012 877 acque
1030 817 1076 860 ue·

59 883 129 948 bere
155 903 250 965 neore
276 883 412 947 attollere
439 903 534 964 acccc
563 882 662 946 locare
686 883 757 964 ociis
773 885 888 966 possib
917 883 959 948 ad
982 905 1077 968 quem

60 972 168 1037 locum
188 969 220 1037 S.
239 970 371 1035 Dehner
387 969 562 1056 (Hadriani
581 971 737 1056 reliquiae
756 970 772 1034 I
794 994 826 1056 p.
845 968 903 1058 21)
929 973 1077 1058 exempla

61 1061 165 1124 multa
198 1060 295 1124 etiam
329 1081 368 1124 ex
395 1059 559 1125 Frontone
592 1059 775 1143 adscripsit.
826 1060 953 1140 horum
977 1061 1077 1146 igitur

61 1152 169 1214 aetate
193 1149 255 1213 etsi
274 1170 341 1213 non
360 1151 471 1233 potest
488 1170 555 1213 non
573 1148 694 1212 uixisse
713 1148 803 1213 Felix
821 1152 943 1233 noster,
966 1154 1077 1215 tamen

61 1239 102 1303 ab
135 1236 255 1302 eisdem
285 1241 337 1301 sat
365 1239 416 1301 est
443 1236 589 1302 diuersus
617 1241 731 1322 utpote
760 1236 810 1320 (ut
838 1236 919 1302 mihi
947 1239 1076 1323 quidem

59 1321 202 1411 uidetur)
230 1346 297 1389 non
322 1325 357 1389 in
379 1325 549 1409 prouincia
573 1325 727 1411 quadam,
756 1325 810 1390 sed
834 1325 959 1391 Romae
982 1330 1075 1392 natus

60 1413 292 1497 educatusque:
312 1412 446 1478 Traiani
464 1413 531 1477 fere
550 1417 697 1498 tempore
716 1414 970 1479 adulescentiam
987 1437 1076 1480 suam

59 1502 95 1566 in
126 1502 206 1566 urbe
233 1505 271 1566 ut
297 1502 331 1567 in
361 1503 448 1567 omni
475 1503 636 1567 bonarum
664 1504 783 1568 artium
811 1503 936 1588 studio,
968 1504 1018 1569 ita
1044 1505 1075 1568 in

60 1590 184 1675 optimo
208 1613 336 1677 quoque
357 1591 452 1656 latini
472 1597 628 1656 sermonis
648 1590 780 1657 auctore
799 1593 1027 1678 cognoscendo
1047 1596 1075 1657 et

60 1678 210 1746 Tulliano
237 1679 366 1765 eloquio
390 1679 519 1763 penitus
542 1679 749 1764 percipiendo
774 1681 916 1766 peregit,
945 1682 1003 1746 sed
1028 1703 1074 1746 ex·

60 1771 147 1834 culto
177 1768 224 1833 sio
252 1768 383 1852 proprio
412 1768 540 1833 dicendi
571 1789 687 1854 genere
710 1791 787 1834 mox
801 1770 904 1833 annis
928 1770 1074 1836 uirilibus

59 1857 217 1923 nonnulla
241 1856 441 1922 extrinsecus
461 1857 579 1942 adlata,
602 1862 639 1922 ut
656 1857 724 1923 fere
743 1859 781 1922 fit
799 1858 834 1922 in
852 1857 916 1923 fori
936 1864 1072 1944 oratore,

60 1946 123 2011 sibi
147 1946 375 2010 adhaerescere
399 1967 514 2029 passus
539 1950 596 2011 est.
640 1947 698 2011 illa
723 1949 831 2012 autem
856 1969 929 2011 eum
949 1945 1073 2024 Quinti-

60 2035 148 2100 liano
171 2034 341 2120 Plinioque
368 2034 494 2099 iuniore
523 2038 556 2099 et
584 2035 743 2100 similibus
768 2036 953 2100 coniunctio
979 2040 1073 2121 atque

61 2125 197 2189 societas
226 2124 326 2188 etiam
354 2123 496 2188 cernitur
523 2123 559 2187 in
587 2124 728 2189 flosculis
758 2124 845 2189 haud
869 2125 982 2207 paucis
1008 2148 1074 2190 ora·

59 2213 168 2297 tionis,
193 2234 272 2297 quos
292 2211 455 2277 Minucius
480 2211 591 2277 debuit
614 2213 748 2277 lectioni
773 2235 885 2277 eorum
905 2219 1074 2297 poetarum

59 2301 245 2382 latinorum,
269 2323 406 2385 quorum
424 2301 499 2366 inde
520 2325 539 2366 a
556 2301 730 2368 Frontonis
749 2305 896 2387 tempore
917 2302 1026 2367 minor
1045 2304 1075 2366 in

59 2410 174 2474 prosae
190 2388 363 2472 scriptores
378 2390 556 2454 auotoritas
572 2413 641 2456 esse
656 2386 771 2475 coepit.
798 2412 875 2455 nam
889 2412 956 2456 non
971 2393 1074 2456 solum

60 2482 192 2561 poetam
210 2476 442 2562 philosophum
461 2478 648 2543 Lucretium
665 2479 756 2544 Felix
775 2482 923 2544 accurate
943 2480 1075 2564 legerat,

61 2565 117 2630 sed
146 2566 244 2630 etiam
273 2565 308 2629 in
336 2565 458 2630 deliciis
486 2565 603 2631 habuit
629 2589 701 2632 oum
726 2567 899 2632 Horatium
924 2567 1075 2633 Ouidium

60 2653 228 2720 Lucanum
247 2654 435 2719 quenalem
454 2689 498 2700 -—
516 2677 593 2720 nam
618 2655 795 2741 aliorum*)
815 2656 957 2721 imitatio
977 2657 1075 2722 nimis

60 2743 187 2809 ineerta
206 2747 257 2808 est
279 2781 329 2827 -,
346 2748 416 2807 tum
435 2764 512 2808 uero
531 2748 640 2809 uatem
659 2739 731 2809 κατ’
754 2742 871 2830 ἐξοχὴν
890 2745 1076 2811 Romanum

59 2868 274 2878 *-

60 2918 143 2985 rupto
168 2919 248 2971 textu
270 2916 447 2972 uindicentur
471 2918 600 2987 scriptori
623 2936 695 2988 quae
714 2921 779 2973 sunt
798 2918 868 2973 uitia
886 2919 1075 2974 librariorum.

59 3003 126 3041 nam
144 2987 270 3041 lubidine
289 2989 358 3043 artis
378 2987 493 3044 criticae
512 2989 598 3044 frenis
618 2993 730 3045 carente
749 2989 877 3045 nonnulli
896 2991 971 3059 apud
987 2991 1077 3046 Minu·

61 3057 135 3112 cium
153 3057 271 3112 ferenda
290 3076 350 3114 esse
368 3077 459 3130 nuper
477 3061 616 3130 dixerunt,
635 3079 706 3132 quae
724 3061 755 3114 in
774 3060 879 3116 saeculi
892 3062 971 3117 tertii
987 3063 1078 3119 homi·

60 3129 142 3184 nibus
162 3128 360 3184 semibarbaris
381 3132 493 3186 demum
512 3135 629 3202 possunt
646 3132 771 3188 tolerari.

150 3200 177 3270 *l
200 3201 341 3256 eximendi
365 3202 451 3257 etiam
470 3219 503 3257 ex
522 3203 728 3259 commentariis
748 3202 877 3259 nonnulli
895 3219 1003 3258 errores
1023 3206 1078 3260 hnc

60 3271 239 3343 pertinentes.
276 3273 366 3327 ueluti
390 3274 476 3328 uerba
498 3291 521 3328 c.
546 3281 571 3343 4,
591 3282 606 3330 6
630 3292 690 3330 cum
714 3275 839 3330 solicitis
865 3291 948 3343 pares
974 3291 1077 3347 semper

63 3350 114 3399 out
132 3345 252 3414 acmpiot
270 3349 320 3398 eut
337 3345 427 3411 faciat
444 3344 550 3414 priores
568 3346 737 3416 interpretes
756 3347 791 3400 ad
806 3344 960 3400 Publilium
975 3345 1077 3416 Syrum

64 3415 195 3470 referunt.
231 3415 319 3470 immo
337 3414 366 3468 in
386 3415 540 3471 sententias
559 3433 577 3471 a
593 3417 795 3472 recentioribus
814 3418 884 3487 Syro
902 3420 1009 3472 temere
1029 3419 1076 3472 ad·

50 3489 178 3613 soffrr'ptas
197 3486 245 3562 (of.
262 3485 424 3547 Woelfflini
442 3485 531 3543 editio
544 3505 574 3558 p.
588 3490 652 3557 Ital
664 3490 754 3543 uerba
764 3488 817 3542 illa
829 3504 865 3541 ex
876 3489 937 3556 ipso
952 3488 1074 3543 Minucio

40 3576 74 3613 rn
99 3567 233 3624 exerunt.
