2378 3930
343 195 525 253 cnosson.
544 196 585 251 111
604 202 629 252 r.
648 201 666 252 c
685 197 814 267 (rr-co)
1044 197 1086 264 73

66 381 202 447 corpore
228 359 359 427 hirsuti.
403 360 562 426 interiora
585 357 720 425 Gedrosi
748 359 864 425 dehinc
886 358 1005 425 Persae
1028 360 1087 426 ha·

66 450 185 516 bilant.
229 447 337 515 Saetis
359 470 418 533 per
438 445 640 532 Carmanios,
662 468 763 532 supra
782 445 898 514 Sandis
918 453 952 514 et
970 447 1086 516 Corios

66 538 214 604 effluunt„
270 538 307 603 in
339 541 436 622 parte
472 558 555 622 quae
590 536 701 622 pelagi
737 538 824 603 ostio
860 538 997 603 adversa
1034 541 1085 603 est
1103 554 1138 604 '16

64 626 324 712 Babyloniorum
359 626 442 692 fiaes
478 623 781 710 Chaldaeorumque
817 629 913 708 sunt,
949 629 984 692 ot
1021 627 1085 693 dao

38 716 148 782 celari
164 735 281 781 amnes
298 713 408 800 Tigris
426 713 553 780 Persidi
571 715 715 798 propior,
734 713 871 779 ulterior
888 713 1084 798 Euphrates.

64 803 175 890 Tigris
207 808 246 869 ut
275 807 373 869 natas
405 807 456 869 est
484 805 532 868 ita
558 802 754 868 descendens
785 824 887 887 usqae
918 804 954 867 in
986 803 1085 870 litora
1103 821 1141 871 w

62 897 220 977 permeat
272 891 460 978 Euphrates
496 892 633 957 immani
669 913 726 956 ore
763 894 877 977 aperto
913 913 980 958 non
1017 893 1086 958 exit

62 985 194 1048 tantam
216 980 302 1047 ande
324 981 443 1065 oritur,
464 981 520 1046 sed
543 984 578 1045 et
597 983 691 1046 vaste
714 1001 841 1065 quoque
865 979 998 1065 decidit,
1024 1002 1085 1046 neo

63 1074 156 1137 secat
186 1070 339 1136 continuo
371 1090 484 1155 agros,
519 1070 586 1134 late
622 1069 757 1134 diffusus
793 1069 829 1134 in
861 1073 992 1155 stagna,
1028 1070 1083 1134 diu

24 1159 253 1262 resedentibus
275 1158 369 1261 aquis
388 1159 483 1243 piger
505 1162 539 1223 et
562 1158 632 1260 sine
651 1158 745 1224 alveo
768 1158 915 1260 patulus,
932 1161 1009 1261 post
1026 1159 1084 1224 ubi

60 1250 363 1419 reddit*
376 1247 624 1401 mitt
639 1250 862 1420 erigitis?
884 1248 1085 1401 titud

59 1425 165 1510 petit,
199 1424 236 1490 ni
268 1424 395 1489 'lauras
426 1425 537 1489 obstet
567 1424 602 1488 in
632 1427 748 1489 nostra
778 1424 884 1490 maria
918 1428 1084 1490 venturas.

60 1513 139 1579 iude
165 1514 207 1580 ad
233 1513 402 1578 meridiem
434 1513 608 1597 avertitur,
639 1517 674 1578 et
704 1513 846 1596 primum
874 1510 975 1597 Syros
1006 1516 1085 1578 bano
1104 1527 1141 1577 78

21 1600 192 1668 raArabas
215 1603 381 1687 ingressae
403 1623 470 1668 non
492 1602 646 1686 perdurat
668 1601 703 1665 in
725 1602 875 1685 pelagus,
899 1623 1011 1666 verum
1034 1603 1083 1666 in·

61 1709 145 1775 gens
167 1691 264 1756 modo
288 1694 321 1756 et
342 1689 554 1776 navigabilis,
576 1690 651 1754 inde
674 1691 780 1755 tenuis
800 1690 889 1755 rivus
913 1690 1083 1774 despectas

61 1779 236 1864 cmoritur,
262 1782 295 1843 et
321 1801 483 1864 nusquam
511 1778 688 1844 manifesto
716 1780 805 1844 exitu
833 1778 938 1843 effluit
965 1781 1002 1843 ut
1025 1779 1084 1844 alii

60 1888 176 1933 amnes
191 1867 248 1933 sed
260 1868 378 1933 deficit.
407 1868 547 1932 alterum
565 1868 651 1932 latus
667 1868 771 1932 ambit
784 1867 885 1952 plaga
900 1889 982 1951 quae
997 1868 1082 1932 inter
1103 1882 1138 1930 79

59 1959 237 2042 utrumque
254 1957 392 2042 pelagus
410 1955 560 2021 excurrit.
605 1955 730 2020 Arabia
752 1955 879 2037 dicitur,
903 1974 1084 2040 cognomen

20 2044 270 2129 ”Eudaemom
293 2049 441 2131 angusto,
462 2066 577 2110 verum
600 2044 742 2108 cinnami
766 2046 799 2108 et
819 2043 903 2108 turis
929 2043 1083 2108 aliorum-

62 2155 128 2218 quc
156 2134 291 2200 odoram
319 2135 460 2199 maxime
487 2133 587 2198 ferax.
636 2132 794 2197 maiorem
823 2129 942 2196 Sabaei
971 2134 1084 2197 tenent

61 2226 211 2307 partem,
252 2223 337 2289 ostio
373 2222 557 2308 proximam
594 2225 628 2286 et
664 2218 847 2286 Carmaniis
885 2220 1083 2286 contrariam

60 2309 186 2376 Μαωο.
238 2310 381 2376 frontem
413 2332 495 2396 qaae
527 2311 612 2375 inter
648 2310 735 2375 ostia
766 2310 949 2375 ostenditur
982 2309 1083 2375 silvae

62 2403 240 2483 cautesque
267 2403 469 2484 exasperant.
515 2400 642 2481 aliquot
670 2402 746 2464 sant
768 2399 804 2464 ia
826 2399 932 2464 medio
955 2398 1082 2463 insulae

21 2506 50 2549 aa
63 2487 157 2572 sitae,
179 2487 301 2572 Ogyris
325 2488 411 2572 qaod
434 2489 469 2553 in
491 2509 530 2551 ea
548 2487 712 2572 Erythrae
735 2488 823 2572 regis
846 2487 1082 2552 monimentum

61 2579 115 2641 est
130 2576 238 2661 magis
257 2575 346 2643 clara
364 2599 463 2662 quam
483 2581 616 2642 ceterae.
657 2578 796 2641 alterum
815 2576 923 2640 sinam
940 2575 1082 2660 undique
1101 2589 1138 2639 80

58 2664 190 2730 Arabes
221 2664 401 2750 incingant.
455 2665 496 2729 ab
530 2687 569 2730 ea
599 2668 694 2748 parte
726 2686 808 2749 quae
839 2664 1079 2729 introeuntibus

59 2752 178 2818 derbe
203 2755 254 2818 est
275 2754 372 2819 arbes
402 2756 479 2818 sunt
501 2751 626 2818 Charra
655 2757 689 2818 ct
710 2751 836 2818 Arabia
861 2756 895 2818 et
918 2751 1080 2836 Gadanus,

58 2841 95 2905 ia
133 2841 238 2907 altera
273 2843 315 2907 ab
352 2842 471 2907 intimo
509 2841 629 2927 angulo
665 2841 774 2925 prima
804 2840 960 2907 Berenice
996 2841 1080 2906 inter

20 2927 342 3015 aoHeroopoliticam
376 2935 410 2996 ct
438 2928 630 3014 Strobilum,
662 2929 778 2994 deinde
809 2930 895 2996 inter
926 2950 1079 3013 promun-
1114 2998 1128 3017 Ι

131 3129 158 3177 2.
171 3121 272 3176 choros
286 3122 315 3176 A
330 3120 426 3178 Corios
440 3121 587 3177 Barbarae
658 3127 684 3176 o.
694 3126 759 3190 post
771 3118 891 3174 effluunt
903 3120 1082 3174 intestatum

57 3193 203 3249 moia
226 3193 380 3249 litterarum
451 3199 476 3248 ὁ.
495 3191 612 3263 propior
629 3192 670 3245 A¹
693 3207 761 3247 corr.
835 3198 876 3246 20.
897 3190 1034 3245 eudemon
1052 3193 1082 3245 A

130 3269 175 3318 28.
202 3279 323 3334 magnae
346 3267 375 3319 A
397 3265 496 3320 Macae
524 3264 671 3318 Barbarae
746 3267 788 3316 25.
817 3260 893 3331 gyris
921 3264 949 3316 A
978 3259 1081 3331 Ogyris

59 3334 216 3391 Pisaeam
291 3341 335 3390 26.
356 3342 420 3405 port
443 3334 535 3389 sinam
560 3336 679 3405 quiaque
705 3335 761 3400 scre
789 3335 894 3388 litterae
915 3348 1009 3388 ausae

56 3404 358 3532 itoioliilemplilficum
379 3408 408 3460 A
430 3404 676 3476 Heroopoliticum
698 3405 843 3459 Barbarus
918 3402 990 3476 (et)
1017 3409 1082 3458 octe

160 3492 208 3531 um
