2378 3930
309 213 492 271 cnoaoca.
511 214 524 269 Ι
544 221 586 271 11.
607 221 648 270 12.
668 221 701 271 rs
721 216 849 285 (er-rs)
1045 211 1089 277 17

66 381 179 466 tisquc
198 379 294 445 Darii
317 382 483 464 spectator
506 400 543 445 ac
565 378 669 463 testis,
690 398 777 442 nunc
799 399 840 442 ne
862 378 999 443 minima
1022 379 1090 462 qui-

68 469 154 552 dem,
175 472 257 534 tunc
275 468 403 553 ingenti
425 468 505 533 urb'e
525 467 670 533 celebris.
714 466 803 531 Issos
822 465 898 551 fuit,
921 470 955 532 et
972 466 1034 532 hac
1052 489 1089 532 rc

69 557 163 623 sinus
176 555 304 629 ,Insicus
323 555 452 622 dicitur.
487 556 600 641 procul
624 554 699 620 inde
717 554 918 621 Hammodes
937 576 1089 640 promun-

66 647 193 713 turium
214 646 302 712 inter
319 645 499 730 Pyramum
518 642 731 729 Cydnumque
748 643 866 709 fluvios
884 645 979 709 iacet.
1024 643 1086 728 Py·

38 751 179 801 cramus
201 734 274 800 Isso
296 735 431 821 propior
453 732 580 798 Mallon
601 732 815 818 praeterfluit,
844 730 977 817 Cydnus
1000 733 1088 798 ultra

66 847 126 909 per
153 822 295 889 Tarsum
323 824 399 889 exit.
451 822 566 888 deinde
598 823 677 887 urbs
710 825 762 887 est
793 821 873 887 olim
903 843 923 886 a
949 821 1086 886 Rhodiis
1107 835 1140 885 τι

67 911 280 998 Argitisque,
301 916 379 996 post
395 911 513 995 piratis
532 911 689 995 Pompeio
714 910 907 995 adsignante
926 930 1089 995 possessa,

67 1018 153 1066 nunc
170 1001 418 1085 ¹Pompeiopolis
436 1005 514 1065 tunc
533 998 640 1065 Soloe.
677 999 770 1064 iuxta
788 999 823 1063 in
840 1020 942 1082 parvo
960 998 1088 1063 tumulo

67 1089 166 1154 Arati
193 1093 310 1175 poetae
338 1089 574 1154 monimentum
597 1088 670 1153 ideo
694 1088 912 1171 referendum,
940 1087 1016 1172 quia
1039 1087 1088 1172 ig-

29 1196 54 1236 10
67 1182 184 1245 notum
211 1200 309 1264 quam
337 1177 378 1243 ob
408 1177 539 1243 causam
565 1178 653 1242 iacta
680 1177 716 1241 in
742 1177 776 1242 id
807 1198 885 1242 saxa
914 1175 1089 1242 dissiliunt.

66 1288 135 1332 non
161 1266 364 1352 longehinc
392 1264 535 1352 Corycos
564 1266 720 1351 oppidum
749 1269 848 1350 portu
875 1265 1008 1349 saleque
1040 1265 1088 1328 in·

67 1355 226 1441 cingitur,
254 1359 394 1442 angusto
417 1359 548 1439 tergore
571 1354 750 1420 continenti
777 1354 945 1419 adnexum.
991 1375 1089 1442 supra
1108 1367 1143 1417 72

69 1465 185 1529 specus
205 1447 256 1509 est
273 1444 404 1509 nomine
418 1442 575 1528 Corycius
596 1443 755 1529 singulari
773 1443 915 1528 ingenio,
935 1464 971 1507 ao
991 1464 1089 1527 supra

68 1555 168 1618 quam
186 1536 224 1598 ut
241 1532 380 1599 describi
397 1532 495 1598 facile
508 1533 615 1617 possit
634 1532 780 1597 eximius.
813 1531 929 1616 grandi
947 1552 1088 1615 namque

30 1637 55 1679 ¹5
67 1621 163 1687 hiatu
190 1627 307 1706 patens
331 1625 477 1686 montem
503 1622 594 1686 litori
617 1621 805 1706 adpositum
829 1623 862 1684 et
890 1619 1002 1684 decem
1025 1623 1089 1684 sta-

69 1710 199 1776 diorum
228 1710 311 1776 clivo
340 1710 421 1775 satis
445 1711 581 1775 arduum
610 1731 649 1774 ex
672 1731 798 1774 summo
826 1709 940 1773 statim
968 1709 1088 1774 vertice

69 1799 186 1884 aperit.
232 1803 310 1864 tuno
329 1800 394 1864 alte
414 1799 573 1864 demissus
593 1801 627 1863 et
645 1803 804 1884 quantum
822 1797 1005 1863 demittitur
1023 1819 1090 1862 am-

68 1888 157 1972 plior
184 1888 268 1953 viret
297 1887 380 1952 lucis
413 1887 630 1972 pendentibus
661 1887 817 1971 undique,
851 1889 885 1950 et
915 1889 1023 1950 totum
1055 1907 1089 1952 se

68 1997 244 2042 nemoroso
277 1976 417 2042 laterum
446 1976 526 2043 orbe
558 1975 787 2060 conplectitur:
820 1975 900 2039 adeo
933 1974 1088 2038 mirificus

30 2082 56 2122 ²⁰
70 2087 108 2131 ac
127 2065 273 2150 pulcher,
290 2068 328 2129 ut
346 2070 472 2130 mentes
493 2064 716 2130 accedentium
734 2063 842 2147 primo
862 2064 997 2146 aspectu
1015 2082 1089 2126 con-

70 2156 206 2238 sternat,
228 2153 286 2218 ubi
304 2153 520 2238 contemplari
539 2153 696 2217 duravere
713 2173 781 2215 non
800 2151 906 2216 satiet.
951 2172 1034 2214 unus
1054 2151 1089 2214 in
1109 2163 1143 2213 '13

69 2264 145 2308 eum
174 2242 347 2310 descensus
377 2245 427 2307 est
454 2245 612 2328 angustus
645 2262 740 2325 asper
771 2240 1026 2325 quingentorum
1056 2243 1089 2305 et

69 2332 161 2396 mille
189 2352 345 2416 passuum
372 2352 432 2415 per
460 2351 612 2397 amoenas
639 2330 774 2395 umbras
803 2333 836 2394 et
859 2349 959 2414 opaca
987 2329 1088 2394 silvae

70 2419 226 2504 quiddam
259 2424 390 2505 agreste
419 2420 617 2498 resonantis,
649 2419 730 2483 rivis
761 2418 837 2483 hino
869 2421 966 2502 atque
999 2416 1088 2481 illinc

30 2522 55 2564 ²⁵
68 2508 285 2574 fluitantibus.
324 2509 381 2573 ubi
401 2508 442 2574 ad
460 2509 527 2573 ima
545 2511 738 2592 perventum
757 2511 807 2572 est
824 2527 954 2572 rursum
973 2526 1087 2589 specus

68 2598 155 2662 alter
184 2597 331 2681 aperitin
358 2597 400 2661 ob
429 2597 495 2662 alia
523 2596 686 2662 dicendus.
736 2599 839 2660 terret
869 2594 1088 2678 ingredientes

69 2686 182 2751 sonitu
205 2685 432 2770 cymbalorum
456 2684 610 2750 divinitus
634 2687 668 2749 et
690 2704 809 2768 magno
832 2683 963 2767 fragore
986 2682 1088 2765 crepi-

68 2774 221 2839 tantium.
266 2774 380 2839 deinde
409 2774 608 2858 aliquamdiu
630 2773 834 2858 perspicuus,
860 2793 936 2836 mox
963 2774 996 2835 et
1023 2792 1087 2855 quo
1108 2784 1143 2833 '14

70 2862 179 2946 magis
204 2863 332 2927 subitur
354 2862 534 2946 obscurior,
557 2862 647 2926 ducit
670 2882 766 2927 ausos
789 2861 934 2945 penitus,
960 2860 1089 2943 alteque

34 2964 58 3006 ⁸⁰
72 2950 167 3036 quasi
200 2951 348 3016 cuniculo
381 2950 536 3016 admittit.
591 2949 638 3015 ibi
674 2950 788 3034 ingens
822 2948 926 3013 amnis
962 2948 1090 3033 ingenti

71 3040 165 3105 fonte
194 3061 229 3104 se
262 3039 422 3105 extollens
454 3038 679 3104 tantummodo
712 3060 747 3103 se
777 3037 934 3121 ostendit,
968 3039 1001 3101 et
1032 3036 1090 3101 ubi

104 3240 107 3245 ·
144 3218 169 3270 5.
189 3212 268 3283 prior
285 3212 313 3267 A
331 3211 481 3295 propiora
535 3212 698 3266 malosenen
715 3211 758 3266 Α1
780 3210 906 3265 malosen
924 3211 965 3265 A2
982 3209 1089 3265 Mallon

70 3283 221 3340 Burburus
284 3290 308 3340 7.
328 3283 496 3355 adsignante
514 3283 557 3338 Α1
575 3283 737 3353 assignante
756 3281 797 3336 A²
865 3287 908 3338 15.
927 3281 1089 3353 adpositum

69 3354 113 3410 Αι
131 3355 296 3436 appositum
313 3355 355 3410 21¹
409 3362 451 3415 17.
472 3351 604 3409 dimissus
623 3355 651 3409 A
670 3353 839 3409 demissusv
893 3351 1090 3415 dimittiturA

70 3424 233 3482 demittitur
255 3443 271 3481 c
350 3431 391 3480 19.
415 3441 562 3480 nemoroso
585 3425 625 3479 Α1
648 3441 716 3481 corr.
794 3429 837 3479 24.
860 3422 922 3478 illic
945 3425 986 3478 Α1
1008 3420 1089 3476 illinc

69 3496 114 3551 A‘
187 3502 229 3552 28.
249 3495 423 3565 aliquamdiu
441 3496 483 3550 A¹
501 3494 667 3564 aliquandiu
684 3494 726 3550 Α*
797 3500 842 3549 31.
860 3492 953 3550 fronte
971 3493 999 3547 A

126 3594 268 3647 Pomponius
282 3594 349 3636 mels.
910 3588 926 3635 2
