2378 3930
275 144 284 163 ⁴
349 197 753 267 surroursrsnnrnrro.
981 197 1060 256 nvn

45 344 179 408 flantem
201 364 259 425 per
282 343 428 408 membra
451 343 606 409 sentiunt.
638 348 708 408 tum
730 345 835 407 restat
852 343 1005 408 mendum
1025 347 1059 410 in

44 433 110 497 illis
133 431 220 496 molli
241 433 369 515 uestipio
393 433 498 497 sedeas
520 432 647 497 horona.
684 431 799 515 pedem
818 431 905 496 enim
927 435 1058 500 mollem

46 521 116 586 siue
135 523 322 604 comparato
342 543 439 586 uersu
453 518 639 585 Catulliana
659 517 744 607 (68¹⁰,
760 517 822 604 30)
840 520 958 586 leniter
976 523 1060 589 uita·

45 612 145 693 toque
169 609 259 674 omni
286 610 425 694 strepitu
453 609 655 674 incedentem
682 608 750 673 siue
773 612 922 675 tenerum
945 610 1060 678 libero·

45 719 119 762 rum
146 696 381 762 feminarumue
409 701 466 762 aut
492 697 704 763 delicatorum
731 697 996 784 interpretamur,
1024 701 1060 766 in
1143 769 1144 773 ,

47 786 170 851 nostris
194 786 375 852 uiatoribus
398 808 465 853 non
487 787 595 852 locum
617 785 736 850 habere
757 786 791 849 in
809 788 981 870 propatulo
1001 792 1060 856 est

47 878 245 958 quapropter
263 874 405 958 amplexi
427 877 505 941 sunt
522 873 672 940 nonnulli
689 872 900 940 Ursinianum
919 876 1060 962 ‘mollis',

47 985 120 1028 eum
140 965 250 1027 tamen
267 963 415 1028 latinitas
433 963 579 1047 postulet
597 961 717 1029 ‘mollis
737 966 770 1027 et
787 963 926 1048 uestigio
943 964 1059 1032 cedens

46 1050 182 1116 harena'
218 1052 286 1115 siue
319 1050 471 1138 ‘uestigio
505 1052 619 1118 cedens
650 1051 759 1117 mollis
792 1051 934 1118 harena’.
980 1076 997 1118 e
1024 1077 1059 1119 re

48 1145 179 1224 sumpta
198 1144 248 1204 est
270 1142 410 1207 mutatio
433 1140 544 1207 haece:
569 1140 679 1207 ‘molle
702 1139 844 1224 uestigio
869 1162 894 1206 e.
912 1140 956 1206 h.'
980 1143 1059 1226 siue,

49 1228 77 1292 si
101 1229 289 1293 aduerbium
312 1231 417 1313 poetis
440 1230 597 1296 usitatum
620 1229 776 1314 refugias,
800 1228 973 1296 ‘molliter'.

113 1338 140 1380 c.
163 1317 193 1401 3,
216 1318 237 1382 3
264 1323 294 1383 et
318 1324 354 1384 ut
375 1339 491 1402 semper
512 1340 599 1384 more
621 1320 714 1384 etium
730 1318 844 1400 positos
865 1319 991 1400 fletebus
1012 1320 1060 1386 ira

45 1406 182 1486 qustum
204 1411 260 1490 est,
288 1408 344 1472 etsi
364 1428 428 1473 eoa
450 1409 537 1473 eoois
558 1408 768 1489 spumosisque
791 1406 936 1488 flauam
957 1409 1062 1475 motat

46 1494 90 1557 od
122 1498 248 1577 rorem,
282 1499 385 1559 morea
417 1496 527 1579 crispis
559 1497 736 1577 tortosisque
767 1495 880 1561 ibidem
906 1497 1060 1564 arorites

46 1581 184 1645 delectati
201 1601 354 1663 perquam
370 1603 486 1648 monus.
518 1605 591 1647 cum
613 1583 694 1647 lenis
717 1583 805 1647 unda
826 1582 893 1647 iam
912 1586 955 1650 sit
972 1607 1059 1652 com·

47 1673 239 1753 memorata,
267 1691 332 1734 non
359 1670 592 1756 intellegimus,
619 1692 676 1734 cur
702 1671 756 1752 hie
784 1671 902 1736 iterum
925 1673 1059 1758 dicatur,

46 1780 136 1823 mare
159 1781 226 1824 non
252 1779 368 1824 canum
396 1780 648 1844 spumosumque
675 1759 744 1824 siue
768 1764 966 1825 commotum
988 1767 1059 1826 tum

48 1849 152 1912 exisse
172 1849 213 1912 ad
232 1851 361 1914 terram.
389 1848 488 1913 uelim
503 1848 602 1912 etiam
616 1847 857 1912 animaduertes
871 1871 939 1914 non
953 1852 1059 1915 solum

47 1936 88 2000 ad
111 1941 294 2020 temporum
323 1936 536 2002 mutationem
564 1933 769 2023 (‘tundebat'
796 1972 834 1982 —
861 1936 1059 2021 ‘inquietum

48 2023 113 2088 est'
137 2061 173 2070 —
196 2024 331 2090 ‘exibat'
353 2062 391 2074 -
413 2025 576 2091 ‘delectati
600 2022 748 2112 sumus'),
771 2025 887 2109 quaid
907 2027 1059 2111 quodast

48 2115 222 2179 secundum
250 2114 346 2179 colon
373 2117 411 2179 ut
442 2113 604 2200 generalis
639 2114 769 2178 effertur
796 2115 970 2197 sententia,
1003 2115 1059 2180 sed

49 2203 148 2266 etiam
173 2201 213 2266 ad
237 2203 445 2286 subineptum
464 2202 538 2268 ‘etei
558 2240 597 2249 -
617 2201 750 2286 tamen',
774 2224 848 2287 quo,
871 2204 932 2267 etsi
953 2204 1059 2269 maius

47 2291 129 2354 illud
153 2291 372 2373 spectaculum
394 2313 460 2356 non
483 2292 624 2376 adesset,
651 2296 762 2356 tamen
785 2312 824 2355 ex
852 2292 975 2357 minore
1001 2292 1059 2358 illo

48 2378 200 2462 gaudium
230 2401 264 2444 se
294 2379 418 2464 cepisse
445 2381 551 2445 innuit
579 2380 750 2446 Minucius
797 2399 916 2463 ergone
942 2381 996 2445 hic
1026 2386 1060 2447 et

48 2468 142 2532 amici
170 2469 243 2551 plus
273 2469 426 2534 delectati
453 2469 605 2553 fuissent,
637 2469 666 2534 si
694 2490 814 2554 aequor
842 2469 1059 2553 procellosum

48 2559 368 2642 tempestuosumque
386 2559 422 2623 in
440 2558 518 2623 litus
536 2557 708 2623 irruisset?
728 2557 903 2622 cohaerent
920 2557 1006 2622 inter
1025 2581 1059 2624 se

48 2642 98 2707 ‘ut
129 2667 256 2729 semper
288 2681 325 2694 —
356 2647 551 2730 inquietum,
583 2647 645 2712 etsi
676 2666 743 2710 non
773 2666 800 2710 c.
823 2667 848 2708 s.
869 2643 893 2708 f.
920 2646 986 2709 exit
1018 2647 1059 2710 ad

47 2731 171 2797 terras'.
209 2734 265 2797 sed
288 2735 322 2797 in
346 2735 398 2798 his
421 2736 479 2799 ubi
502 2735 601 2800 semel
624 2756 664 2799 ex
683 2732 905 2816 dittographia
923 2734 1059 2799 uoculae

48 2819 111 2883 ‘ad’
132 2823 239 2885 ortum
258 2825 308 2885 est
326 2821 469 2907 ‘exibat',
489 2823 619 2888 sublata
640 2822 802 2887 sententia
820 2821 963 2906 generali
986 2845 1059 2889 cum

48 2907 133 2972 ‘etsi'
157 2909 223 2973 iam
245 2931 313 2974 non
336 2911 378 2975 ad
400 2911 627 2994 praecedentia
650 2910 705 2976 sed
724 2911 765 2974 ad
784 2912 951 2995 sequentia
970 2933 1059 2996 spec·

47 3002 118 3061 tare
141 2997 311 3082 uideretur,
334 3001 516 3065 necessario
536 2997 668 3065 ‘tamen'
692 2998 917 3082 interpolando
936 3005 987 3065 est
1005 3001 1060 3065 ad·

47 3086 175 3151 iectum.
226 3109 289 3171 quo
326 3091 453 3152 remoto
489 3090 674 3172 congruunt
710 3088 831 3152 omnia:
864 3089 975 3153 'uerbis
1013 3088 1061 3154 ‘ut

48 3196 266 3260 semper...
295 3174 335 3239 ad
361 3174 495 3241 terram'
519 3177 706 3261 explicatur,
734 3197 791 3240 cur
816 3174 933 3241 fluctus
961 3176 1060 3262 crispi

47 3265 228 3349 tortosique
247 3264 379 3348 fuerint,
400 3269 551 3350 rectoque
569 3264 766 3330 narrationis
784 3285 959 3350 progressu
978 3266 1060 3331 haec

49 3374 107 3435 per
122 3352 178 3417 ‘et'
198 3353 419 3439 adiunguntur
436 3354 609 3438 prioribus.
646 3354 703 3419 sed
722 3374 793 3418 ecce
813 3353 975 3418 erroribus
993 3358 1059 3420 tor·

48 3441 129 3504 tusis
157 3441 325 3524 implicata
353 3447 430 3507 sunt
459 3447 492 3508 et
519 3465 558 3508 ea
585 3464 667 3529 quae
694 3463 793 3528 parre
815 3443 976 3524 teguntur
995 3463 1071 3502 auus

45 3527 80 3589 in
103 3529 169 3608 {vso
189 3532 334 3612 acquosus
357 3532 468 3602 limosae
489 3535 583 3620 podes
605 3534 838 3629 ttnwesnts.
866 3546 960 3588 nam
977 3522 1100 3582 asmu-

85 3639 212 3684 Mrrruorns
226 3646 325 3701 Fiam,
338 3651 376 3693 ed.
392 3651 560 3698 Baehrens.
925 3621 955 3671 x„
