2378 3930
392 190 592 235 scurrronus
613 194 774 237 nouenos.
1025 177 1067 256 t't¹

130 330 199 387 niori
211 328 310 385 diversi
323 338 399 399 sunt,
414 330 484 385 ratio
498 337 587 386 tamen
599 331 729 387 metiendi
741 330 916 406 calculosque
927 333 1046 406 ponendi

131 425 214 489 atque
234 415 293 486 ipsa
315 415 396 469 etiam
422 414 503 469 verba
530 413 643 471 mirifice
674 418 744 471 inter
766 432 795 471 se
820 426 989 490 congruunt,
1016 426 1047 474 ut

133 497 334 574 quodammodo
350 497 560 571 interpretatum
577 515 636 555 essa
653 500 726 555 dicas
741 500 838 556 Latino
854 517 979 557 sermone
994 502 1047 558 lle·

132 584 207 641 runis
222 582 301 638 locos
316 581 501 638 Columellam.

195 665 280 733 Quam
296 682 354 721 rem
369 681 420 722 nec
440 666 637 740 neglegendam
660 684 710 724 nec
731 670 806 743 parvi
822 668 971 724 laciendum
987 685 1048 726 esse

133 753 268 809 existimo.
305 750 370 805 Nam
385 768 448 807 cum
465 767 495 807 ca
510 752 677 825 geometriae
691 752 861 810 Herculanae
876 754 965 810 lorma
980 769 1049 827 quae

133 840 160 894 in
177 836 255 892 libris
271 851 352 891 manu
370 835 481 908 scriptis
497 845 585 892 exstat
606 836 639 893 ad
660 840 773 893 tertium
794 837 851 894 lere
867 838 1005 893 saeculum
1020 856 1048 911 p.

133 922 195 977 Chr.
212 938 238 976 n.
255 919 397 976 relerenda
413 935 474 976 esse
490 921 621 990 videatur,
638 921 717 978 lacile
733 924 794 996 quis
810 924 899 996 possit
914 922 1049 996 suspicari

134 1009 162 1062 in
177 1006 227 1063 hac
243 1007 397 1061 recentiore
414 1005 501 1061 lorma
524 1023 609 1079 paene
632 1006 698 1062 nihil
714 1008 826 1079 genuini
841 1005 944 1062 coloris
960 1023 1050 1063 serva·

135 1098 190 1147 tum
213 1105 283 1145 esse.
327 1088 406 1156 Quod
427 1090 536 1145 minime
559 1106 651 1146 verum
673 1099 722 1147 est.
763 1091 828 1147 Nam
851 1108 865 1147 e
886 1089 1050 1146 uolumettac

135 1174 244 1248 quidem
260 1172 390 1246 exemplis
405 1174 586 1247 perspicimus
605 1176 714 1231 eamdem
731 1176 788 1232 scre
809 1176 978 1248 geometriae
993 1174 1050 1231 lor·

135 1275 206 1314 mam
229 1274 298 1331 quae
319 1256 399 1313 nobis
421 1258 448 1312 in
471 1258 594 1315 manibus
616 1268 658 1315 est
679 1260 730 1316 iam
747 1262 864 1333 Augusti
881 1257 1050 1333 temporibus

135 1341 271 1415 vulgatam
288 1342 390 1411 luisse,
412 1344 484 1398 unde
499 1352 527 1398 et
542 1343 651 1399 brevior
671 1353 714 1400 ast
730 1353 757 1400 et
774 1344 927 1418 expeditior
942 1344 1050 1399 reditus

134 1444 185 1501 per
202 1428 284 1483 unius
305 1426 407 1482 saeculi
425 1428 541 1501 spatium
558 1428 590 1484 ad
606 1428 691 1501 ipsam
708 1428 825 1486 lleronis
841 1436 965 1505 aetatem.
995 1427 1051 1482 Ali·

136 1520 267 1585 quantum
283 1513 369 1583 igitur
384 1512 464 1568 allert
479 1511 644 1568 Columellae
661 1512 739 1569 locus
755 1513 788 1568 ad
802 1521 924 1568 nostram
940 1519 1050 1567 senten·

135 1597 199 1652 tiam
214 1595 442 1666 confirmandam,
465 1595 579 1651 licronis
594 1599 762 1669 geometriae
777 1612 835 1652 eam
851 1598 965 1654 lormam
981 1611 1051 1669 quae

134 1680 214 1736 nobis
231 1688 336 1736 servata
357 1690 400 1736 est
415 1683 509 1755 paucis
525 1689 630 1736 tautum
646 1681 734 1755 iisque
751 1681 898 1738 levioribus
913 1681 996 1737 rebus
1011 1680 1051 1735 di·

135 1782 240 1820 versam
257 1782 321 1820 esse
334 1764 366 1819 ab
379 1766 493 1839 antiquo
508 1765 595 1839 ipsius
610 1766 725 1822 licronis
741 1766 821 1823 libro.

280 1931 320 1979 De
340 1930 479 1989 Frontino,
498 1928 618 1992 Hygino,
637 1929 734 1988 Balbo,
750 1933 906 1993 gramaticae.

202 2037 295 2090 llmnis
317 2036 533 2106 gromaticorum
560 2033 702 2106 disciplina
728 2042 860 2107 quantum
886 2034 1002 2088 valuerit
1024 2035 1051 2088 in
1069 2030 1118 2088 111

135 2121 251 2191 imperio
267 2118 386 2173 Romano
404 2125 562 2190 quantoque
582 2126 721 2173 momento
742 2117 845 2192 scripta
860 2134 957 2175 eorum
972 2119 1052 2173 aesti-

136 2202 234 2258 manda
250 2203 321 2271 sint,
338 2201 448 2274 egregio
464 2200 719 2257 demonstraverunt
734 2201 900 2259 Niebuhrius
915 2196 1052 2275 aliique¹).

137 2286 312 2360 Quapropter
327 2285 443 2359 insignis
459 2287 547 2358 gratia
563 2286 678 2343 debetur
688 2286 872 2358 lachmanno‚
889 2288 935 2360 qui
946 2285 1052 2343 infinito

136 2388 224 2446 paene
239 2370 335 2427 labore
351 2379 481 2444 suscepto
497 2370 560 2427 illos
580 2369 668 2427 libros
689 2371 794 2445 primns
816 2374 854 2429 lta
870 2371 1002 2441 ediderit,
1023 2379 1054 2426 ut

137 2459 254 2528 genuina
271 2457 416 2528 scriptura,
434 2463 565 2529 quantum
577 2455 637 2511 fieri
649 2464 754 2529 posset,
770 2459 973 2513 restitueretur.
1000 2456 1056 2511 Neo

138 2540 224 2596 deluit
239 2539 360 2595 eiusdem
377 2555 460 2613 opera
476 2540 509 2596 ad
524 2538 685 2597 illustranda
700 2557 731 2596 ea
747 2558 831 2614 quae,
855 2542 976 2614 quamvis
992 2558 1054 2614 gra·

138 2624 247 2679 visslma
263 2632 374 2693 essent,
397 2641 492 2680 omnes
515 2632 602 2680 tamen
626 2626 734 2697 priores
755 2627 911 2682 latuissent.
947 2624 1014 2681 Nam
1030 2626 1053 2680 is

138 2710 242 2781 primus
257 2715 383 2765 accurate
390 2709 595 2764 demonstravit
611 2709 707 2765 lulium
724 2709 905 2780 Frontinum,
921 2708 1055 2782 antiquis-

137 2793 236 2848 simum
258 2802 285 2848 et
306 2793 521 2848 eruditissimum
543 2794 706 2865 scriptorem
729 2793 864 2849 derebus
885 2792 1054 2866 gromaticis‚

138 2877 253 2933 eundem
275 2892 335 2932 esse
356 2884 438 2950 atque
458 2877 534 2932 illum
550 2876 710 2932 Frontinum
734 2879 780 2949 qul
802 2877 834 2932 de
852 2895 883 2934 re
899 2878 1008 2934 militari
1024 2894 1055 2934 ac

139 2962 171 3016 de
187 2978 273 3035 aquae
288 2961 415 3017 ductibus
432 2955 578 3035 scripslt²t
614 2961 743 3033 Aequalis
765 2961 850 3033 igitur
871 2962 923 3018 luit
938 2964 1054 3036 impera·

208 3144 232 3208 1)
252 3143 391 3194 Illustrem
404 3141 552 3191 Niebuhrii
564 3140 653 3189 locum
668 3140 700 3190 de
714 3157 748 3192 ea
762 3142 935 3207 rescriptum
949 3143 1056 3205 (Kleine

139 3212 197 3261 diat.
217 3209 470 3275 reponendarum
489 3226 515 3273 p.
530 3209 573 3265 81)
592 3209 724 3272 repetivit
740 3209 864 3259 Blumius
882 3212 911 3259 in
931 3211 1054 3263 Gromat.

137 3279 193 3329 vol.
212 3278 240 3329 Il
258 3295 284 3343 p.
303 3281 329 3327 4.
364 3277 405 3326 Ao
427 3281 540 3341 praeter
562 3275 742 3326 Niebuhrinm
761 3282 789 3327 et
806 3277 866 3342 ipsc
883 3277 1008 3327 Blumius
1028 3282 1056 3327 el

138 3346 241 3408 reliqui
264 3361 358 3395 omnes
383 3359 495 3407 quorum
519 3345 710 3394 commentarii
734 3346 762 3394 in
781 3344 869 3394 altero
887 3346 1054 3411 gromatico-

138 3428 197 3463 rum
226 3414 368 3463 volumine
399 3413 511 3462 collecti
540 3417 604 3461 sunt
632 3410 739 3461 illorum
764 3413 928 3477 scriptorum
959 3412 1055 3462 laudes

138 3488 282 3534 unxerunt.

208 3551 235 3612 2)
254 3550 287 3601 V.
305 3548 428 3599 Gromnt.
448 3548 476 3597 11
494 3565 520 3613 p.
541 3550 588 3598 101
608 3562 629 3597 a.
