2378 3930
47 209 141 295 {titt}
212 232 232 273 s
253 230 396 304 moroan
417 232 607 277 aaounsnno
631 208 839 293 osncnnsnnx.
924 212 967 279 87

152 429 222 494 119.
267 429 296 492 Ε
317 430 446 494 Victorii
466 434 859 513 arpamerstacalcalaads'.

363 550 446 616 (Vide
464 551 533 618 prol.
551 553 567 614 δ
586 551 654 622 117.)

116 668 143 730 1.
167 671 201 730 ln
223 670 280 731 hoc
303 674 476 748 argumento
499 671 594 733 unitas
617 672 696 733 assis·
714 681 850 743 vocatur,
883 675 966 736 cuius

50 780 149 851 partes
182 773 262 832 iuxta
293 772 599 852 proportionalitatem
627 793 711 836 suam
739 776 869 855 propriis
897 784 967 837 sunt

50 875 206 952 insignitae
235 873 397 943 vocabulis,
433 876 510 934 notis
534 875 621 935 etiam
644 875 681 936 ad
704 875 760 937 hoc
784 879 964 954 excogitatis,
983 878 1001 926 ⁵

51 994 105 1054 per
133 993 206 1055 quas
235 974 336 1034 eadem
363 973 504 1036 vocabula
528 977 746 1054 exprimantur,
776 986 807 1038 ut
830 997 884 1057 per
907 978 965 1041 dis·
994 1050 997 1057 ¹

50 1078 213 1140 cretionem
238 1077 388 1137 nominum
414 1083 442 1138 et
463 1084 547 1137 notas
563 1077 734 1139 nominibus
750 1080 849 1141 aldxas
864 1082 965 1141 unius·

51 1181 193 1258 cuiusque
215 1177 378 1258 particulae
401 1178 482 1239 notio
504 1177 618 1239 facilius
641 1179 821 1240 advertatur.

114 1312 143 1374 2,
168 1314 204 1374 Et
227 1316 298 1374 assis
313 1314 440 1390 quidem,
465 1315 516 1390 qui
530 1331 584 1393 per
600 1314 612 1373 l
627 1313 752 1384 literam,
769 1317 845 1377 sicut
864 1317 893 1376 in
910 1334 963 1376 nu·

52 1419 145 1478 meris
168 1435 260 1476 unum
283 1413 374 1476 scribi
397 1414 486 1484 solet,
511 1417 693 1494 exprimitur,
717 1416 769 1477 Xll
791 1425 892 1495 partes
914 1417 966 1477 ha·
985 1429 1018 1477 10

52 1517 112 1578 het.
158 1535 281 1595 quarum
304 1519 328 1576 si
351 1535 439 1577 onam
463 1518 636 1587 detraxeris,
660 1515 794 1595 reliquae
808 1517 966 1598 leartes

50 1617 155 1680 trabus
184 1619 337 1687 dicuntur,
371 1617 418 1680 illa
448 1637 518 1678 vero
546 1635 633 1696 quam
662 1619 829 1689 detraxisti,
863 1621 891 1680 id
922 1630 967 1682 est

52 1721 242 1791 duodecima,
266 1722 353 1781 uncia
376 1727 503 1784 vocatur.
541 1721 566 1778 si
589 1718 661 1779 duas
685 1720 853 1790 sustuleris,
878 1720 966 1783 Xre·

51 1824 153 1884 siduae
174 1823 289 1891 dextas,
313 1831 342 1882 et
364 1820 442 1901 quod
465 1820 617 1889 sustulisti,
641 1821 670 1880 id
695 1829 738 1881 cst
760 1821 845 1893 duae,
869 1831 966 1884 sextas

52 1923 225 2005 appellatur.
265 1924 340 1983 atsi
363 1922 401 1984 lll
424 1923 596 2000 dempseris,
620 1921 696 1981 Vllll
719 1940 793 2000 quae
817 1940 966 1984 remanse-
987 1932 1018 1980 to

52 2033 123 2087 ruxrt
145 2026 253 2085 dodras
277 2032 306 2084 et
327 2023 366 2084 lll
390 2024 526 2103 demptae
554 2023 683 2102 quadras
711 2031 839 2095 uocatur.
888 2024 966 2102 quod

52 2131 77 2188 si
94 2128 146 2187 llll
164 2125 267 2185 tollere
292 2124 376 2194 velis,
401 2124 463 2185 Vlll
482 2122 610 2203 reliquas
633 2124 739 2185 bissem
764 2132 793 2185 et
807 2123 859 2184 llll
875 2126 966 2185 trien·

51 2243 113 2290 tem
137 2225 311 2287 nominabis.
349 2225 371 2282 V
395 2244 464 2286 vero
487 2224 609 2286 sublatis
625 2225 674 2286 Vll
690 2226 822 2287 residuas
845 2233 966 2306 septun-

52 2347 117 2390 cem
134 2336 163 2389 et
178 2329 201 2387 V
215 2327 345 2388 sublatas
361 2328 556 2404 quincuncem
578 2326 687 2406 placuit
708 2327 859 2407 appellari.
899 2346 966 2388 cum

52 2449 107 2509 por
130 2430 258 2491 medium
282 2429 370 2489 luerit
392 2428 468 2490 lacta
490 2428 607 2497 divisio,
631 2436 790 2508 utrumque
813 2430 965 2491 dimidium
984 2440 1017 2489 2⁰

52 2533 132 2593 senis
154 2531 288 2611 partibus
312 2537 449 2591 constans
465 2532 616 2591 semissem
632 2537 825 2599 rocaverunt;
851 2533 966 2592 unciam
1025 2532 1027 2537 '

53 2641 150 2694 autem
178 2640 207 2692 et
229 2632 376 2693 dimidiam
400 2634 597 2702 semunciam,
627 2633 789 2711 unciasque
813 2631 965 2693 dimidium

53 2736 244 2794 semunciam.

123 3006 162 3053 12.
184 3003 263 3052 iebus
282 3005 349 3065 aad,
367 3005 415 3052 sed
431 3005 519 3052 littera
536 3003 545 3051 i
563 3008 708 3067 incasura,
726 3003 805 3055 iabus
818 3004 901 3068 Abba,
914 3007 968 3055 Ls-

53 3088 105 3137 bus
118 3088 202 3149 Beda,
222 3087 321 3136 dabunt
338 3088 375 3149 fr,
390 3089 451 3149 134,
466 3089 513 3147 343
532 3102 580 3151 epo
597 3087 686 3136 deunx
703 3088 817 3138 Victoria
834 3094 968 3139 restituen-

53 3175 111 3222 dam
129 3189 184 3222 esse
203 3174 319 3222 existimo
389 3172 429 3220 14.
447 3171 572 3221 Doxtans
589 3171 666 3222 Beda
683 3173 795 3241 idemque
813 3172 884 3236 infra
901 3174 967 3224 Sex-

53 3261 127 3321 tans‚
146 3257 280 3319 Demens,
301 3255 460 3318 eradrans,
484 3271 564 3321 neque
583 3258 658 3305 aliter
675 3257 734 3306 mibi
749 3259 883 3321 scripsisse
900 3261 968 3308 oide-

53 3350 96 3391 tar
117 3343 245 3391 Victorius
331 3342 372 3392 17.
390 3341 499 3390 Bissem
524 3340 570 3389 vel
592 3342 705 3391 Bessem
724 3341 800 3393 Beda
869 3348 896 3392 et
914 3343 969 3392 1111

55 3425 181 3475 sublatas
199 3428 264 3475 cani.
273 3426 364 3476 Christ.
434 3426 474 3477 22.
495 3423 686 3489 Sescunciam,
705 3426 970 3492 versasquunciam,

54 3515 103 3558 aut
120 3509 327 3573 sesquiuneiam
347 3515 552 3577 nuncuparunt,
587 3512 751 3579 Postremo,
769 3512 895 3563 indias·
906 3510 988 3558 dxxix-

42 3591 130 3653 dr'um,
150 3591 330 3645 semunciam
350 3597 538 3665 appellarunt
559 3600 637 3655 Beda
