2378 3930
159 222 202 289 26
468 242 707 289 esouuaomaua
728 244 763 289 lu

225 381 342 455 denique
358 381 536 455 inscriptione
550 382 661 438 omuino
678 380 1076 441 careutGueiierh.Gud.132

160 469 188 524 iu
204 464 240 536 4,
256 466 339 522 Paris.
360 465 458 536 7461,
477 464 560 522 editio
578 463 678 522 Veneta
692 467 819 540 princeps
835 465 909 538 (anni
925 461 1029 543 1470).

223 549 295 606 Haec
317 551 350 606 de
373 547 599 624 inscriptionibus
625 550 753 606 carminis
776 567 792 607 a
813 550 896 608 certis
917 550 1078 609 auctoribus

162 635 260 692 tradita
276 635 319 690 bic
333 633 511 709 proponenda
526 648 587 690 esse
601 633 761 690 existimavi.
792 633 895 703 Quibus
911 635 1078 692 testimoniis

160 719 336 794 perlustrans
359 719 462 792 primus
478 717 654 775 Endlieberus
672 717 868 776 dubitationem
887 718 989 790 movit,
1013 736 1078 776 uum

161 806 220 860 iure
237 804 374 860 Prisciano
390 803 417 858 id
434 820 503 877 opus
520 802 696 860 tribueretur.
726 803 794 859 Tum
809 803 841 862 H.
856 803 959 860 Keilius
968 797 987 875 ¹)
1003 812 1078 861 recte

160 888 355 945 demonstravit
378 903 429 944 nec
451 886 585 944 librorum
610 904 692 944 mauu
717 889 884 961 scriptorum
910 890 1077 945 auctoritate

150 974 226 1039 ,satis
244 970 352 1028 deiendi
368 972 427 1028 eius
442 973 611 1045 grammatici
627 988 735 1042 nornen,
755 988 805 1028 nee
819 988 911 1028 rerum
926 972 959 1028 de
976 971 1078 1046 quibus

160 1056 251 1131 agitur
266 1064 443 1130 argumento;
459 1073 490 1112 ac
504 1072 603 1112 nomen
618 1057 749 1113 Prisciani
766 1064 821 1111 tum
838 1056 946 1112 demum
963 1058 1078 1113 carmini

159 1142 321 1214 inscriptum
346 1141 448 1210 videri,
478 1148 624 1214 postquam
644 1143 670 1196 in
693 1139 834 1197 codicibus
859 1157 911 1196 una
934 1155 995 1197 cum
1017 1142 1077 1197 eius

158 1225 236 1282 libris
258 1224 340 1282 scribi
361 1232 489 1298 coeptum
510 1226 555 1280 sit.
593 1225 713 1281 Alteram
738 1233 829 1280 autem
857 1226 1016 1298 opinionem
1044 1224 1077 1280 de

158 1308 255 1366 liuiino
278 1309 320 1365 vei
341 1309 441 1366 barino
464 1316 576 1365 auctore
597 1308 656 1366 Car.
674 1302 879 1379 Sobenbeiius²)
903 1307 965 1364 inde
987 1315 1077 1366 ortam

159 1410 219 1451 esse
241 1395 415 1464 existimavit,
438 1394 512 1467 quod
527 1393 592 1449 olim
607 1392 675 1449 iliud
690 1408 797 1450 carmen
814 1393 872 1448 siue
889 1394 1011 1449 auctoris
1027 1411 1077 1451 no·

76 1518 79 1525 .
158 1479 229 1533 minc
249 1480 322 1534 inter
341 1481 442 1553 scripta
459 1477 547 1534 Ruiiui
561 1486 589 1533 et
603 1477 717 1534 Remurii
730 1477 824 1534 Fannii
842 1479 1012 1551 grammatici
1027 1495 1077 1553 po-

53 1602 56 1607 ·
158 1563 240 1618 situm
262 1562 353 1619 inerit.
385 1563 486 1619 Contra
507 1562 537 1634 G.
556 1562 707 1633 Christius⁷
733 1565 778 1635 qui
802 1568 944 1636 postremo
969 1562 1001 1618 de
1024 1562 1077 1619 hoc

158 1654 321 1719 argumento
343 1641 535 1720 disputavit³)‚
565 1653 658 1702 censet
677 1654 818 1703 auctorem
840 1645 968 1702 carminis
989 1645 1077 1703 inisse

158 1729 308 1785 Remmium
324 1730 457 1804 quendam
472 1730 592 1785 Flavium
608 1732 663 1786 sive
679 1731 829 1801 Flavinum‚
846 1730 982 1786 diversum
997 1729 1076 1788 iilum

160 1813 268 1887 quidem
284 1831 299 1870 a
314 1813 436 1870 Remmio
451 1814 612 1871 Palaemone
628 1816 815 1888 grammatico,
831 1833 845 1871 a
862 1830 916 1888 quo
930 1816 991 1889 ipso
1006 1815 1077 1870 Fan·

158 1898 196 1953 nii
211 1915 310 1955 nornen
326 1899 445 1956 alienum
460 1899 505 1954 sit.
536 1898 591 1955 Sed
606 1898 634 1955 bi
651 1916 755 1968 omues,
772 1907 802 1955 ut
817 1916 849 1955 ex
863 1906 942 1972 parte
958 1898 1031 1955 inter
1045 1915 1076 1955 se

158 1983 331 2059 discrepant,
360 1985 397 2040 ita
424 1984 452 2039 in
476 2000 508 2040 eo
530 1992 604 2041 recte
626 1985 803 2049 consentiunt
823 1999 877 2039 non
899 1999 913 2037 a
935 1983 1091 2041 Prisciano.

157 2070 333 2142 grammatico
355 2084 464 2125 carmen
485 2071 616 2142 scriptum
639 2085 714 2137 esse,
737 2084 885 2141 quaeres,
908 2069 931 2123 si
954 2069 998 2123 cui
1013 2068 1075 2123 aliis

157 2154 271 2226 insuper
286 2154 453 2226 argumentis
472 2152 594 2225 indigere
613 2152 751 2222 videatur,
773 2153 796 2207 is
813 2151 885 2226 legat
902 2169 933 2208 ea
949 2168 1018 2224 quae
1034 2152 1074 2208 di·

156 2235 275 2308 ligenter
291 2236 425 2292 Christius
442 2236 594 2309 explicavit,
615 2253 669 2291 non
687 2235 776 2291 soiuru
793 2236 938 2293 nonnullas
954 2253 999 2292 res
1015 2254 1075 2293 eas-

157 2336 209 2392 que
236 2321 376 2391 graviores
404 2317 482 2375 aliter
506 2336 520 2374 a
542 2319 681 2392 Prisciano
703 2319 809 2376 definiri
831 2329 913 2394 atque
936 2319 969 2376 ab
990 2321 1074 2377 buius

157 2403 284 2459 carminis
300 2404 434 2475 scriptore
442 2396 478 2474 ⁴),
498 2404 641 2460 sedetiam
657 2403 762 2459 dicendi
783 2422 869 2479 genus
885 2405 955 2478 apud
969 2412 1075 2461 utrum-

157 2504 210 2560 que
231 2484 311 2560 piane
333 2487 468 2542 diversum
490 2503 560 2543 esse.
607 2487 694 2556 Quid?
716 2505 778 2544 cum
801 2506 888 2564 nuper
906 2489 1074 2545 Priscianum

155 2571 306 2643 ponderum
325 2578 352 2628 st
368 2587 539 2627 nummorum
555 2580 677 2627 veterum
694 2589 749 2628 non
772 2576 838 2630 satis
853 2574 972 2647 peritum
986 2573 1074 2630 iuisse

156 2670 170 2709 a
187 2655 266 2712 nobis
283 2656 498 2712 demonstratum
515 2650 587 2728 sit⁵)‚
604 2673 694 2713 nonne
711 2656 777 2714 baec
795 2660 876 2714 etiam
892 2659 1028 2714 sententia
1047 2660 1073 2713 in

225 2853 249 2915 1)
269 2853 394 2906 Praefat.
415 2854 450 2904 ad
468 2855 604 2907 Priscian.
623 2855 677 2906 vol.
698 2856 724 2905 11
742 2873 768 2920 p.
787 2858 846 2907 402.

223 2920 249 2983 2)
270 2922 321 2970 Zur
350 2922 439 2972 Kritiic
468 2926 590 2986 apoi'terer
620 2925 663 2975 lot.
688 2924 794 2973 Dichter
825 2923 1023 2988 (Sitzungsber.
1048 2925 1073 2975 d.

156 2987 271 3038 Wiener
289 2987 377 3038 Akad.
398 2991 474 3051 1863)
494 3007 519 3054 p.
540 2993 581 3042 59.

222 3054 248 3117 3)
267 3056 337 3108 Mus.
356 3056 480 3109 Rhenan.
500 3058 550 3106 XX
569 3073 595 3122 p.
615 3059 647 3108 69
666 3072 687 3110 ε.

221 3121 248 3184 4)
268 3122 371 3172 Ibidem
391 3141 417 3189 p.
436 3127 469 3174 66
487 3141 508 3175 s.
545 3125 582 3175 Ut
606 3125 703 3176 obolus
725 3126 754 3174 in
777 3127 899 3176 carmine
917 3126 951 3176 de
969 3127 1072 3192 ponde·

154 3188 230 3238 ribus
250 3193 332 3254 atque
352 3192 424 3256 apud
443 3207 537 3243 omnes
556 3194 722 3243 vetustiores
746 3198 874 3244 auctores
899 3194 1011 3259 scripuli
1031 3200 1073 3245 est

157 3255 272 3306 dimidia
296 3273 374 3321 pars,
395 3274 411 3307 a
430 3259 575 3310 Prisciano
600 3264 691 3310 autem
715 3260 786 3310 idem
807 3275 867 3310 eum
886 3260 1007 3326 scripulo
1027 3277 1072 3311 ae-

155 3326 255 3388 quatur
273 3325 421 3374 seeundum
439 3327 598 3377 Dardanum
623 3328 667 3390 (de
687 3326 732 3393 fig.
753 3328 805 3392 10).
842 3329 911 3378 Tum
930 3328 1073 3379 denarium

155 3394 284 3456 quattuor
307 3391 501 3456 scripulorum,
527 3410 578 3459 quo
606 3396 723 3445 manime
746 3397 846 3446 nititur
868 3395 1004 3447 Prisciani
1030 3411 1073 3446 ar-

148 3458 338 3522 gumentatio,
368 3459 480 3525 ignorat
503 3462 621 3528 scriptor
644 3462 783 3518 carminis.
824 3463 882 3513 Nee
907 3463 936 3512 in
958 3463 1073 3526 reliquis

138 3523 202 3575 sere
220 3524 314 3578 simile
331 3542 424 3592 genus
441 3535 669 3597 praeceptorum.

199 3590 228 3654 5)
246 3595 281 3646 In
298 3595 449 3669 PbiIoiogi
467 3598 526 3653 vol.
546 3598 631 3651 XXII
648 3615 677 3665 p.
697 3598 750 3648 aba
768 3611 807 3646 ss.
