2378 3930
403 235 584 294 ocravrus
603 254 627 292 ο.
646 241 689 292 er.
708 243 752 293 ss.
1043 238 1086 304 59

75 384 213 449 libatum
232 388 289 466 est,
313 382 426 449 cedere
445 386 502 447 aut
519 385 652 447 nostrae
669 381 833 467 religionis
852 382 982 467 pudere.
1014 383 1086 466 quis
1106 400 1122 450 2

76 476 185 538 autem
211 472 268 537 ille
295 471 350 554 qui
373 470 514 548 dubitat,
542 470 651 535 uernis
673 471 840 556 indulgere
862 493 923 535 nos
946 471 1088 551 floribus,

75 583 149 627 cum
176 581 346 645 carpamus
374 563 407 624 et
433 581 543 624 rosam
569 558 656 624 ueris
685 563 718 624 ct
744 558 848 624 lilium
876 561 910 623 et
936 560 1088 644 quicquid

76 649 164 715 aliud
182 651 218 714 in
236 648 369 724 fioribus
389 648 502 713 blandi
520 648 639 714 coloris
657 650 691 713 et
708 646 817 713 odoris
836 646 909 713 est?
931 647 985 712 his
1001 648 1087 713 enim

48 741 109 807 set
137 737 258 823 sparsis
286 738 408 801 utimur
437 758 475 802 ac
503 735 618 800 solutis
647 738 680 799 et
707 737 804 800 sertis
827 736 981 801 mollibus
1004 737 1088 802 colla

75 827 319 911 conplectimur.
356 846 435 889 sane
458 823 544 909 quod
567 826 666 906 caput
685 845 753 889 non
770 845 973 908 coronamus,
994 826 1088 909 igno-

76 916 170 980 scite:
189 935 301 980 auram
320 914 439 978 bonam
457 912 547 978 floris
565 912 699 977 naribus
714 913 838 996 ducere,
857 933 923 978 non
937 913 1087 996 occipitio

76 1002 245 1087 capillisne
274 1001 414 1067 solemus
441 1001 580 1066 haurire.
624 1021 685 1066 nec
710 1004 858 1066 mortuos
885 1018 1123 1069 coronamuse

76 1111 137 1177 ego
160 1111 220 1155 uos
243 1091 276 1154 in
299 1090 362 1155 hoc
384 1091 494 1175 magis
513 1088 623 1173 miror,
645 1089 914 1174 quemadmodum
932 1089 1087 1155 tribuatis

35 1207 62 1247 ιο
76 1179 215 1243 exanimi
247 1181 304 1243 aut
335 1179 488 1243 sentienti
520 1178 587 1243 iam
613 1199 728 1261 paoem
755 1180 907 1243 autnon
934 1177 1088 1244 sentienti

74 1288 247 1351 coronam,
259 1288 333 1331 cum
356 1270 389 1331 et
411 1268 526 1333 beatus
548 1287 617 1331 non
639 1270 735 1352 egeat
756 1269 789 1330 et
808 1266 907 1331 miser
923 1287 990 1331 non
1010 1286 1087 1351 gau·

74 1354 150 1420 deat
166 1355 310 1421 floribus.
346 1362 381 1421 at
399 1357 486 1420 enim
504 1376 564 1420 nos
583 1357 752 1440 exsequias
768 1354 962 1421 adornamus
976 1354 1088 1421 eadem
1106 1371 1124 1421 4

73 1443 309 1527 tranquillitate
333 1466 397 1527 qna
415 1445 566 1518 uiuimus,
588 1465 648 1508 nec
667 1443 868 1510 adnectimus
887 1448 1088 1510 arescentem

71 1551 239 1612 coronam,
262 1531 318 1595 sed
341 1552 361 1595 a
383 1531 443 1596 deo
466 1531 606 1595 aeternis
629 1531 764 1596 floribus
786 1532 932 1596 uiuidum
950 1534 1088 1598 sustine-

35 1646 61 1688 re
75 1641 162 1684 mus:
181 1619 290 1703 quieti,
306 1619 454 1702 modesti,
473 1619 526 1684 dei
543 1620 649 1683 nostri
664 1619 864 1684 liberalitate
879 1621 982 1684 securi
997 1642 1088 1704 spem

74 1707 203 1773 futurae
230 1707 399 1773 felicitatis
426 1707 488 1773 fide
516 1706 699 1791 praesentis
723 1708 791 1772 eius
814 1709 996 1773 maiestatis
1021 1709 1089 1772 ani-

74 1819 211 1861 memus.
252 1796 299 1861 sic
321 1800 355 1861 et
376 1796 577 1882 resurgimus
599 1795 690 1863 beati
712 1799 746 1860 et
768 1796 869 1860 inuri
891 1797 1088 1881 contempla-

74 1886 164 1950 tione
193 1885 258 1949 iam
287 1885 437 1949 uiuimus.
480 1884 617 1970 proinde
645 1882 796 1950 Socrates
825 1906 937 1949 scurra
959 1883 1124 1951 Atticusc

74 1973 193 2039 uiderit
214 1974 296 2038 nihil
320 1994 353 2038 se
377 1974 458 2040 scire
482 1973 660 2057 confessus,
682 1973 869 2038 testimonio
892 1973 970 2038 licet
992 1972 1089 2038 falla—

34 2091 61 2130 so
75 2062 197 2127 cissimi
224 2061 390 2129 daemonis
413 2063 588 2148 gloriosus,
615 2056 781 2127 Arcesilas
803 2082 931 2147 qnoque
954 2065 988 2125 et
1010 2059 1089 2126 Oar-

74 2150 192 2215 ncadcs
225 2155 258 2216 et
284 2151 387 2236 Pyrro
419 2156 453 2217 et
484 2151 590 2216 omnia
618 2150 886 2216 Academicorum
912 2149 1088 2214 multitudo

74 2238 240 2322 deliberet,
259 2237 442 2305 Simonides
456 2240 554 2304 etiam
569 2240 810 2323 inperpetuum
825 2238 1090 2322 conperendinet:

74 2328 344 2413 philosophorum
374 2328 545 2411 supercilia
571 2327 824 2411 contemnimus,
852 2349 934 2412 quos
957 2347 1090 2411 corrup-

74 2420 162 2482 tores
184 2421 220 2487 et,
236 2417 420 2482 adulatores
438 2416 588 2481 nouimus
608 2415 643 2480 in
661 2419 817 2500 tyrannos
836 2419 869 2480 et
887 2437 1017 2500 semper
1035 2415 1089 2480 ad-

33 2530 61 2573 as
75 2527 188 2570 uersus
207 2526 267 2570 sua
284 2504 366 2570 uitia
382 2503 548 2569 facundos.
584 2525 653 2588 nos,
671 2506 726 2587 qai
743 2526 810 2570 non
827 2505 943 2569 habitu
961 2505 1088 2589 sapien·
1107 2522 1123 2570 o

75 2594 160 2661 tiam
177 2593 233 2658 sed
251 2596 358 2658 mente
376 2593 596 2677 praeferimus,
613 2614 682 2658 non
699 2593 881 2677 eloquimur
899 2613 1020 2678 magna
1034 2594 1090 2658 sed

77 2681 231 2763 uiuimus,
263 2680 441 2765 gloriamur
468 2701 528 2746 nos
555 2682 745 2746 consecutos
773 2679 858 2765 quod
887 2680 936 2744 illi
964 2702 1091 2746 summa

77 2769 258 2835 intentione
284 2769 514 2852 quaesiuernnt
536 2791 596 2835 nec
618 2769 765 2834 inuenire
788 2771 972 2852 potuerunt.
1014 2769 1091 2855 quid

147 2946 162 2994 2
176 2940 226 2996 illc
240 2940 302 3013 qui]
317 2959 356 2997 aa
369 2941 488 3011 eloqui?
502 2943 511 3011 ΙΙ
525 2948 541 2996 3
556 2959 702 3010 carpamus
711 2942 887 2998 Stcwcctius:
900 2942 1092 3016 capiamusl’ll

74 3011 234 3066 emollitus
246 3019 308 3080 post
316 3013 422 3068 utimur
431 3018 460 3082 r,
473 3014 581 3068 traiecit
593 3012 761 3070 Dcesbortue
774 3015 784 3085 l
799 3019 814 3068 ‘1
829 3015 932 3070 bonam
947 3015 1092 3070 Halmius:

74 3082 150 3137 bona
163 3099 198 3139 m.
208 3087 235 3151 1,
249 3082 318 3138 boni
332 3102 365 3139 m.
380 3090 430 3142 21’
442 3087 453 3155 ΙΙ
466 3088 483 3138 8
497 3083 607 3153 capillis
622 3100 672 3138 sue
686 3083 823 3139 olemus?
836 3087 846 3156 {i
861 3086 965 3139 roiam
978 3085 1092 3154 scripsi.-

74 3169 131 3209 non
140 3152 177 3237 P]
193 3169 292 3236 paoem
305 3157 405 3224 scripsi
418 3158 517 3226 (supro
525 3172 556 3223 p.
566 3154 707 3225 XXXIV):
720 3155 859 3229 isceml’ll
870 3162 902 3210 12
919 3155 955 3210 sd
965 3155 1069 3210 enim?
1082 3155 1092 3229 ll

77 3229 111 3279 15
130 3227 220 3292 qmetr
233 3224 457 3296 Riqoliiuse-qui
476 3226 538 3308 et?
552 3229 561 3297 ΙΙ
577 3231 618 3309 1.6,
629 3232 671 3310 ,17
691 3226 848 3310 animamur,
861 3232 890 3308 ξ,
909 3242 979 3283 corr.
995 3226 1091 3282 Votis·

74 3298 161 3422 uu
176 3301 218 3423 a
239 3296 526 3437 :trauadai
534 3313 647 3436 ou
663 3296 747 3423 uu
764 3298 1092 3438 staurari

75 3439 167 3506 11129
187 3385 414 3508 comperdlrdinet
432 3410 568 3495 debueris:
587 3409 795 3508 oonpradhendi
806 3413 866 3494 ‘nec
882 3442 975 3508 Ptin
993 3439 1091 3493 adula-

74 3509 152 3563 tores
169 3527 196 3564 n.
215 3508 245 3563 in
264 3513 330 3579 tyrr.
349 3511 462 3583 scripsi:
481 3510 630 3568 adulteros
645 3527 678 3566 n.
694 3512 727 3565 et
735 3513 843 3580 tarn
850 3511 920 3576 ‘qun
933 3506 990 3570 oria
999 3505 1118 3554 asama·

73 3579 217 3649 &causi
229 3586 265 3637 26
281 3583 492 3661 praeferimus]
508 3603 529 3660 p
549 3602 590 3644 ss.
607 3587 627 3643 2
647 3583 718 3641 add..
730 3586 754 3634 ἲ
766 3583 832 3651 qut
853 3573 1029 3630 samaram
