2378 3930
136 204 177 269 98
379 224 505 269 namu
523 226 567 266 nn
587 224 796 267 rounnmns.
972 200 1051 286 [tao]

135 370 404 438 quantumcumque
426 360 498 427 siet,
522 355 603 418 lraus
624 358 654 417 id
677 358 852 436 permiscuit
874 374 958 418 auro.

135 478 297 539 causaque,
320 478 374 521 cur
389 461 427 520 ita
443 461 496 528 sit,
518 466 655 538 prompta
678 466 737 528 est,
761 460 786 519 si
808 458 923 519 discere
946 475 1049 519 verum

59 562 107 613 180
133 579 192 621 non
216 563 316 639 pigeat
338 569 527 638 veterumque
550 562 664 619 animos
685 559 842 621 intendere
864 560 985 621 chartis.

134 680 200 722 uam
224 664 248 723 si
271 661 436 742 disparibus
458 662 589 722 numeris
611 663 770 721 accesserit
790 660 885 730 idem,

133 773 230 824 servat
251 762 422 843 inaequales
443 764 559 833 itidem,
582 769 756 840 tantumque
779 761 911 823 manebit

132 864 289 925 discrimen
313 871 454 944 quantum
477 864 574 923 fuerat
595 865 694 942 prius,
719 863 808 942 idque
830 862 962 934 bombis,

32 1018 37 1033 ‚
131 968 243 1026 sivein
267 965 450 1043 temporibus
473 983 614 1043 quaeras,
639 984 690 1026 seu
713 965 844 1045 pondera
868 982 969 1025 rerum

55 1070 104 1119 185
130 1084 181 1126 seu
206 1067 297 1127 moles
319 1075 452 1145 spectare
475 1066 546 1125 velis
568 1068 755 1146 spatiumque
777 1065 921 1126 locorum.

130 1186 222 1246 qtiare
245 1168 367 1229 diversis
389 1170 502 1243 argenti
526 1169 649 1245 aurique
673 1167 813 1237 metallis,

128 1271 193 1348 (ptris
215 1268 308 1328 forma
333 1288 367 1329 ac
389 1267 481 1328 moles
505 1267 606 1327 eadem
631 1276 688 1339 cst,
710 1287 765 1347 par
787 1269 885 1329 addito
908 1266 1033 1345 pondus,

128 1378 250 1446 argento
274 1369 366 1429 solum
391 1371 419 1430 id
444 1371 566 1437 crescit,
590 1368 662 1427 nihil
686 1370 803 1430 additur
826 1389 907 1430 auro

128 1477 274 1532 sextantes
296 1472 386 1549 igitur
408 1489 482 1551 apios
503 1477 535 1530 tu
559 1487 714 1547 superesse
737 1471 863 1538 videbis,

52 1575 101 1624 190
127 1574 157 1630 in
179 1573 300 1632 totidem
324 1572 404 1633 dices
427 1591 531 1633 aurum
556 1573 717 1631 consistere
741 1571 839 1641 libris,

126 1691 253 1752 parsque
275 1673 376 1734 itidem
399 1673 490 1735 librae
513 1675 655 1734 sextantis
677 1682 761 1752 parte
784 1679 912 1733 notetur.

126 1776 203 1854 qiiod
226 1777 252 1835 si
274 1775 350 1835 sorte
373 1793 475 1855 parem
498 1783 639 1853 corrupto
662 1776 775 1853 lingere
799 1774 924 1834 sormam

125 1884 247 1955 argento
271 1895 416 1955 nequeas,
441 1886 470 1937 at
491 1875 610 1936 mollem
634 1879 741 1936 sumito
765 1894 873 1955 ceram,

129 1985 218 2055 atque
241 1978 339 2038 brevis
361 1977 512 2055 laiatilisque
537 1978 588 2038 tibi
611 1977 755 2037 formetur
778 1958 875 2054 imago

49 2082 97 2131 105
125 2081 183 2138 sive
207 2079 272 2159 cybi
295 2099 346 2140 seu
370 2080 522 2158 semiglobi
546 2080 682 2139 teretisve
706 2079 844 2158 cylindri,

124 2199 237 2258 parque
260 2191 439 2257 exurgente
462 2180 616 2241 simuletur
640 2181 733 2240 lorma
757 2182 876 2247 nitenti,

126 2300 249 2357 quatum
273 2281 388 2358 pondus
409 2285 478 2341 item
503 2301 617 2342 nosces,
663 2282 709 2341 lac
733 2282 859 2360 denique
882 2282 1019 2358 dragmas

126 2381 169 2439 bis
192 2399 243 2440 sex
266 2386 393 2458 argenti,
417 2401 503 2442 cerae
527 2392 586 2442 tres
609 2401 672 2443 esse
696 2392 843 2461 repertas:

124 2501 196 2559 ergo
220 2485 249 2541 iu
272 2483 451 2559 ponderibus
475 2503 561 2543 cerae
585 2487 758 2563 argentique
781 2485 919 2562 liquebit,

45 2587 95 2635 200
122 2585 144 2641 si
168 2603 222 2662 par
245 2584 338 2643 stirme
362 2586 430 2653 siet,
454 2585 611 2664 ‹ptratlrupli
634 2587 790 2645 discrimen
814 2588 920 2646 inesse.

121 2694 182 2745 tuin
205 2706 259 2765 par
283 2686 393 2763 efligies
415 2704 482 2746 cera
507 2687 660 2748 simuletur
684 2688 785 2747 eadem

122 2796 294 2865 corruptae,
320 2790 403 2848 cuius
427 2789 558 2847 fraudem
583 2806 764 2867 cognoscere
788 2808 883 2850 curas.

120 2889 162 2946 sie
185 2890 291 2948 iustum
317 2889 431 2965 pondus
451 2889 528 2966 qarod
552 2888 636 2949 larice
656 2893 808 2951 inveneris
830 2911 924 2972 aequa

119 2991 148 3047 in
173 2989 365 3067 ‹paladruplum
390 2990 494 3058 duees;
520 2990 675 3068 qaaaclrupli
700 3009 765 3050 nam
783 2993 926 3070 ponderis
949 3001 1033 3063 esset,

42 3092 92 3141 205
119 3091 141 3149 si
166 3090 242 3149 soret
264 3095 376 3168 argenti
400 3092 492 3152 moles
516 3110 590 3170 qaino
614 3111 697 3152 cerea
722 3112 800 3152 niiiic
824 3096 868 3153 sit.

119 3200 216 3251 cetera
241 3193 295 3251 iam
320 3201 390 3269 puto
413 3202 481 3253 nota
505 3194 556 3252 tilii
582 3228 619 3238 —
645 3212 711 3252 nam
736 3195 861 3254 diximus
885 3203 952 3255 aute
978 3231 1012 3239 -

118 3310 176 3369 quio
199 3302 284 3370 paeto
308 3295 416 3353 litatum
440 3297 503 3355 sine
527 3297 611 3374 aquus
634 3295 820 3372 deprendere
843 3300 947 3375 possis.

117 3394 190 3453 haec
212 3393 313 3453 eadem
336 3397 366 3453 iu
390 3394 509 3472 reliquis
532 3398 645 3473 poteris
668 3406 802 3475 spectare
825 3398 960 3457 metallis.

173 3569 231 3622 179.
254 3582 342 3619 causa
362 3582 411 3618 cur
429 3567 454 3617 Α
529 3568 590 3618 itit.
611 3569 696 3630 atquo
711 3565 894 3626 Endliclterne,
911 3579 1001 3625 aeque
1021 3565 1042 3610 Δ
