<?xml version="1.0" encoding="UTF-8"?>
<!DOCTYPE html PUBLIC "-//W3C//DTD XHTML 1.0 Transitional//EN"
    "http://www.w3.org/TR/xhtml1/DTD/xhtml1-transitional.dtd">
<html xmlns="http://www.w3.org/1999/xhtml" xml:lang="en" lang="en">
 <head>
  <title>
</title>
<meta http-equiv="Content-Type" content="text/html;charset=utf-8" />
  <meta name='ocr-system' content='tesseract 3.04.00' />
  <meta name='ocr-capabilities' content='ocr_page ocr_carea ocr_par ocr_line ocrx_word'/>
</head>
<body>
  <div class='ocr_page' id='page_1' title='image "./pomponiimelaede02melagoog_0238.png"; bbox 0 0 2378 3930; ppageno 0'>
   <div class='ocr_carea' id='block_1_1' title="bbox 43 150 962 251">
    <p class='ocr_par' dir='ltr' id='par_1_1' title="bbox 43 150 962 251">
     <span class='ocr_line' id='line_1_1' title="bbox 43 150 962 251; baseline 0.009 -26"><span class='ocrx_word' id='word_1_1' title='bbox 43 166 125 251; x_wconf 78' lang='lat'>[117]</span> <span class='ocrx_word' id='word_1_2' title='bbox 277 188 353 231; x_wconf 79' lang='lat' dir='ltr'><strong>coor</strong></span> <span class='ocrx_word' id='word_1_3' title='bbox 373 188 392 229; x_wconf 82' lang='lat' dir='ltr'>r</span> <span class='ocrx_word' id='word_1_4' title='bbox 415 188 514 231; x_wconf 78' lang='lat' dir='ltr'><strong>nuere</strong></span> <span class='ocrx_word' id='word_1_5' title='bbox 536 190 578 231; x_wconf 79' lang='lat' dir='ltr'><strong>uu</strong></span> <span class='ocrx_word' id='word_1_6' title='bbox 600 190 709 233; x_wconf 72' lang='lat' dir='ltr'><strong>renuo.</strong></span> <span class='ocrx_word' id='word_1_7' title='bbox 839 150 845 170; x_wconf 55' lang='lat'><strong><em>³</em></strong></span> <span class='ocrx_word' id='word_1_8' title='bbox 921 167 962 235; x_wconf 89' lang='grc'><strong>81</strong></span> 
     </span>
    </p>
   </div>
   <div class='ocr_carea' id='block_1_2' title="bbox 45 318 1039 2935">
    <p class='ocr_par' dir='ltr' id='par_1_2' title="bbox 45 318 1005 1096">
     <span class='ocr_line' id='line_1_2' title="bbox 112 318 962 403; baseline 0.004 -20"><span class='ocrx_word' id='word_1_9' title='bbox 112 318 220 403; x_wconf 80' lang='lat'><strong>[347¹]</strong></span> <span class='ocrx_word' id='word_1_10' title='bbox 243 321 410 383; x_wconf 82' lang='lat' dir='ltr'><strong>Sextantnri</strong></span> <span class='ocrx_word' id='word_1_11' title='bbox 432 338 513 383; x_wconf 83' lang='lat' dir='ltr'><strong>asses</strong></span> <span class='ocrx_word' id='word_1_12' title='bbox 533 322 563 382; x_wconf 92' lang='lat' dir='ltr'><strong>in</strong></span> <span class='ocrx_word' id='word_1_13' title='bbox 585 338 640 383; x_wconf 85' lang='lat' dir='ltr'><strong>usu</strong></span> <span class='ocrx_word' id='word_1_14' title='bbox 662 338 728 383; x_wconf 85' lang='lat' dir='ltr'><strong>csse</strong></span> <span class='ocrx_word' id='word_1_15' title='bbox 749 320 912 402; x_wconf 85' lang='lat' dir='ltr'><strong>coeperunt</strong></span> <span class='ocrx_word' id='word_1_16' title='bbox 926 343 962 386; x_wconf 84' lang='lat' dir='ltr'><strong>ex</strong></span> 
     </span>
     <span class='ocr_line' id='line_1_3' title="bbox 46 420 962 503; baseline 0 -17"><span class='ocrx_word' id='word_1_17' title='bbox 46 441 83 486; x_wconf 90' lang='lat' dir='ltr'><strong>eo</strong></span> <span class='ocrx_word' id='word_1_18' title='bbox 111 430 246 503; x_wconf 88' lang='lat' dir='ltr'><strong>tempore</strong></span> <span class='ocrx_word' id='word_1_19' title='bbox 274 441 332 503; x_wconf 93' lang='lat' dir='ltr'><strong>quo</strong></span> <span class='ocrx_word' id='word_1_20' title='bbox 358 430 480 502; x_wconf 90' lang='lat' dir='ltr'><strong>propter</strong></span> <span class='ocrx_word' id='word_1_21' title='bbox 501 420 611 484; x_wconf 87' lang='lat' dir='ltr'><strong>bellum</strong></span> <span class='ocrx_word' id='word_1_22' title='bbox 634 422 776 484; x_wconf 88' lang='lat' dir='ltr'><strong>Punicum</strong></span> <span class='ocrx_word' id='word_1_23' title='bbox 799 424 962 486; x_wconf 88' lang='lat' dir='ltr'><strong>secundum</strong></span> 
     </span>
     <span class='ocr_line' id='line_1_4' title="bbox 45 522 961 605; baseline 0.001 -19"><span class='ocrx_word' id='word_1_24' title='bbox 45 525 126 605; x_wconf 93' lang='lat' dir='ltr'><strong>quod</strong></span> <span class='ocrx_word' id='word_1_25' title='bbox 155 542 223 586; x_wconf 90' lang='lat' dir='ltr'><strong>cum</strong></span> <span class='ocrx_word' id='word_1_26' title='bbox 245 522 409 585; x_wconf 80' lang='lat' dir='ltr'>Hannibale</span> <span class='ocrx_word' id='word_1_27' title='bbox 431 532 546 601; x_wconf 86' lang='lat' dir='ltr'><strong>gestum</strong></span> <span class='ocrx_word' id='word_1_28' title='bbox 569 533 615 587; x_wconf 89' lang='lat' dir='ltr'><strong>est</strong></span> <span class='ocrx_word' id='word_1_29' title='bbox 636 525 832 587; x_wconf 85' lang='lat' dir='ltr'><strong>decreverunt</strong></span> <span class='ocrx_word' id='word_1_30' title='bbox 853 532 961 604; x_wconf 84' lang='lat' dir='ltr'><strong>patres,</strong></span> 
     </span>
     <span class='ocr_line' id='line_1_5' title="bbox 46 625 963 704; baseline 0 -17"><span class='ocrx_word' id='word_1_31' title='bbox 46 633 80 687; x_wconf 91' lang='lat' dir='ltr'><strong>ut</strong></span> <span class='ocrx_word' id='word_1_32' title='bbox 103 645 138 687; x_wconf 84' lang='lat' dir='ltr'><strong>cx</strong></span> <span class='ocrx_word' id='word_1_33' title='bbox 161 625 291 695; x_wconf 84' lang='lat' dir='ltr'><strong>assibus,</strong></span> <span class='ocrx_word' id='word_1_34' title='bbox 314 626 448 704; x_wconf 90' lang='lat' dir='ltr'><strong>quitum</strong></span> <span class='ocrx_word' id='word_1_35' title='bbox 472 633 557 686; x_wconf 81' lang='lat' dir='ltr'><strong>erant</strong></span> <span class='ocrx_word' id='word_1_36' title='bbox 578 625 696 697; x_wconf 81' lang='lat' dir='ltr'><strong>librari,</strong></span> <span class='ocrx_word' id='word_1_37' title='bbox 719 628 826 688; x_wconf 88' lang='lat' dir='ltr'><strong>fierent</strong></span> <span class='ocrx_word' id='word_1_38' title='bbox 848 634 963 687; x_wconf 84' lang='lat' dir='ltr'><strong>sextan-</strong></span> 
     </span>
     <span class='ocr_line' id='line_1_6' title="bbox 46 726 998 808; baseline 0.003 -21"><span class='ocrx_word' id='word_1_39' title='bbox 46 729 120 798; x_wconf 85' lang='lat' dir='ltr'><strong>tari‚</strong></span> <span class='ocrx_word' id='word_1_40' title='bbox 150 745 204 806; x_wconf 86' lang='lat' dir='ltr'><strong>per</strong></span> <span class='ocrx_word' id='word_1_41' title='bbox 228 745 301 806; x_wconf 88' lang='lat' dir='ltr'><strong>quos</strong></span> <span class='ocrx_word' id='word_1_42' title='bbox 324 747 391 788; x_wconf 93' lang='lat' dir='ltr'><strong>cum</strong></span> <span class='ocrx_word' id='word_1_43' title='bbox 414 726 487 788; x_wconf 87' lang='lat' dir='ltr'><strong>solvi</strong></span> <span class='ocrx_word' id='word_1_44' title='bbox 510 736 646 807; x_wconf 88' lang='lat' dir='ltr'><strong>coeptum</strong></span> <span class='ocrx_word' id='word_1_45' title='bbox 669 736 760 804; x_wconf 86' lang='lat' dir='ltr'><strong>esset,</strong></span> <span class='ocrx_word' id='word_1_46' title='bbox 789 737 818 790; x_wconf 86' lang='lat' dir='ltr'><strong>ct</strong></span> <span class='ocrx_word' id='word_1_47' title='bbox 839 726 998 808; x_wconf 79' lang='lat' dir='ltr'><strong>populoso</strong></span> 
     </span>
     <span class='ocr_line' id='line_1_7' title="bbox 47 827 964 910; baseline 0 -20"><span class='ocrx_word' id='word_1_48' title='bbox 47 847 117 890; x_wconf 83' lang='lat' dir='ltr'><strong>uere</strong></span> <span class='ocrx_word' id='word_1_49' title='bbox 146 828 241 889; x_wconf 79' lang='lat' dir='ltr'><strong>alieno</strong></span> <span class='ocrx_word' id='word_1_50' title='bbox 270 827 462 899; x_wconf 77' lang='lat' dir='ltr'>liberaretur,</span> <span class='ocrx_word' id='word_1_51' title='bbox 492 838 521 890; x_wconf 90' lang='lat' dir='ltr'><strong>et</strong></span> <span class='ocrx_word' id='word_1_52' title='bbox 547 831 668 908; x_wconf 82' lang='lat' dir='ltr'><strong>privati,</strong></span> <span class='ocrx_word' id='word_1_53' title='bbox 698 828 804 910; x_wconf 91' lang='lat' dir='ltr'><strong>quihus</strong></span> <span class='ocrx_word' id='word_1_54' title='bbox 833 828 964 890; x_wconf 88' lang='lat' dir='ltr'><strong>debitum</strong></span> 
     </span>
     <span class='ocr_line' id='line_1_8' title="bbox 47 928 1005 1010; baseline 0.001 -20"><span class='ocrx_word' id='word_1_55' title='bbox 47 928 166 1007; x_wconf 90' lang='lat' dir='ltr'><strong>publice</strong></span> <span class='ocrx_word' id='word_1_56' title='bbox 195 930 268 991; x_wconf 91' lang='lat' dir='ltr'><strong>solvi</strong></span> <span class='ocrx_word' id='word_1_57' title='bbox 297 930 467 1010; x_wconf 82' lang='lat' dir='ltr'>oportebat,</span> <span class='ocrx_word' id='word_1_58' title='bbox 497 949 557 991; x_wconf 91' lang='lat' dir='ltr'><strong>non</strong></span> <span class='ocrx_word' id='word_1_59' title='bbox 582 948 689 1009; x_wconf 82' lang='lat' dir='ltr'><strong>magno</strong></span> <span class='ocrx_word' id='word_1_60' title='bbox 713 930 888 993; x_wconf 89' lang='lat' dir='ltr'><strong>detrimento</strong></span> <span class='ocrx_word' id='word_1_61' title='bbox 911 930 965 991; x_wconf 84' lang='lat' dir='ltr'><strong>ad·</strong></span> <span class='ocrx_word' id='word_1_62' title='bbox 1002 966 1005 971; x_wconf 94' lang='lat'><em>-</em></span> 
     </span>
     <span class='ocr_line' id='line_1_9' title="bbox 47 1032 215 1096; baseline 0.024 -6"><span class='ocrx_word' id='word_1_63' title='bbox 47 1032 215 1096; x_wconf 80' lang='lat' dir='ltr'><strong>nectentur.</strong></span> 
     </span>
    </p>

    <p class='ocr_par' dir='ltr' id='par_1_3' title="bbox 114 1131 864 1213">
     <span class='ocr_line' id='line_1_10' title="bbox 114 1131 864 1213; baseline -0.003 -20"><span class='ocrx_word' id='word_1_64' title='bbox 114 1131 206 1213; x_wconf 80' lang='lat'>[336]</span> <span class='ocrx_word' id='word_1_65' title='bbox 222 1136 359 1193; x_wconf 80' lang='lat' dir='ltr'><strong>sicilicum</strong></span> <span class='ocrx_word' id='word_1_66' title='bbox 374 1137 493 1209; x_wconf 86' lang='lat' dir='ltr'><strong>dictum,</strong></span> <span class='ocrx_word' id='word_1_67' title='bbox 510 1139 582 1212; x_wconf 93' lang='lat' dir='ltr'><strong>quod</strong></span> <span class='ocrx_word' id='word_1_68' title='bbox 599 1140 765 1195; x_wconf 83' lang='lat' dir='ltr'><strong>semunciam</strong></span> <span class='ocrx_word' id='word_1_69' title='bbox 781 1144 864 1194; x_wconf 89' lang='lat' dir='ltr'><strong>secet.</strong></span> 
     </span>
    </p>

    <p class='ocr_par' dir='ltr' id='par_1_4' title="bbox 48 1230 1016 1518">
     <span class='ocr_line' id='line_1_11' title="bbox 114 1230 1016 1315; baseline 0.002 -22"><span class='ocrx_word' id='word_1_70' title='bbox 114 1230 224 1314; x_wconf 68' lang='lat'>[297³]</span> <span class='ocrx_word' id='word_1_71' title='bbox 249 1235 360 1313; x_wconf 89' lang='lat' dir='ltr'><strong>Stipem</strong></span> <span class='ocrx_word' id='word_1_72' title='bbox 389 1254 453 1296; x_wconf 87' lang='lat' dir='ltr'><strong>esse</strong></span> <span class='ocrx_word' id='word_1_73' title='bbox 482 1253 636 1296; x_wconf 90' lang='lat' dir='ltr'><strong>nummum</strong></span> <span class='ocrx_word' id='word_1_74' title='bbox 663 1236 809 1315; x_wconf 84' lang='lat' dir='ltr'><strong>signatum</strong></span> <span class='ocrx_word' id='word_1_75' title='bbox 832 1235 963 1295; x_wconf 89' lang='lat' dir='ltr'><strong>testimo·</strong></span> <span class='ocrx_word' id='word_1_76' title='bbox 983 1239 1016 1287; x_wconf 85' lang='lat'><strong>10</strong></span> 
     </span>
     <span class='ocr_line' id='line_1_12' title="bbox 49 1336 963 1417; baseline -0.001 -22"><span class='ocrx_word' id='word_1_77' title='bbox 49 1336 99 1395; x_wconf 92' lang='lat' dir='ltr'><strong>nio</strong></span> <span class='ocrx_word' id='word_1_78' title='bbox 127 1343 171 1396; x_wconf 89' lang='lat' dir='ltr'><strong>est</strong></span> <span class='ocrx_word' id='word_1_79' title='bbox 199 1342 227 1396; x_wconf 87' lang='lat' dir='ltr'><strong>et</strong></span> <span class='ocrx_word' id='word_1_80' title='bbox 254 1336 282 1396; x_wconf 95' lang='lat' dir='ltr'><strong>id</strong></span> <span class='ocrx_word' id='word_1_81' title='bbox 306 1336 385 1416; x_wconf 95' lang='lat' dir='ltr'><strong>quod</strong></span> <span class='ocrx_word' id='word_1_82' title='bbox 408 1336 492 1397; x_wconf 85' lang='lat' dir='ltr'><strong>datur</strong></span> <span class='ocrx_word' id='word_1_83' title='bbox 515 1338 692 1417; x_wconf 77' lang='lat' dir='ltr'><strong>stipendium</strong></span> <span class='ocrx_word' id='word_1_84' title='bbox 716 1336 814 1406; x_wconf 89' lang='lat' dir='ltr'><strong>militi,</strong></span> <span class='ocrx_word' id='word_1_85' title='bbox 845 1343 963 1397; x_wconf 86' lang='lat' dir='ltr'><strong>etcum</strong></span> 
     </span>
     <span class='ocr_line' id='line_1_13' title="bbox 48 1437 774 1518; baseline 0.004 -22"><span class='ocrx_word' id='word_1_86' title='bbox 48 1437 212 1515; x_wconf 90' lang='lat' dir='ltr'><strong>spondetur</strong></span> <span class='ocrx_word' id='word_1_87' title='bbox 235 1439 375 1515; x_wconf 86' lang='lat' dir='ltr'><strong>pecunia,</strong></span> <span class='ocrx_word' id='word_1_88' title='bbox 400 1439 477 1517; x_wconf 94' lang='lat' dir='ltr'><strong>quod</strong></span> <span class='ocrx_word' id='word_1_89' title='bbox 501 1439 635 1518; x_wconf 84' lang='lat' dir='ltr'><strong>stipulari</strong></span> <span class='ocrx_word' id='word_1_90' title='bbox 658 1439 774 1500; x_wconf 90' lang='lat' dir='ltr'><strong>dicitur.</strong></span> 
     </span>
    </p>

    <p class='ocr_par' dir='ltr' id='par_1_5' title="bbox 49 1535 1016 2021">
     <span class='ocr_line' id='line_1_14' title="bbox 115 1535 965 1619; baseline -0.004 -20"><span class='ocrx_word' id='word_1_91' title='bbox 115 1535 223 1619; x_wconf 76' lang='lat'>[359¹]</span> <span class='ocrx_word' id='word_1_92' title='bbox 240 1537 430 1599; x_wconf 85' lang='lat' dir='ltr'><strong>Talentorum</strong></span> <span class='ocrx_word' id='word_1_93' title='bbox 452 1557 511 1598; x_wconf 90' lang='lat' dir='ltr'><strong>non</strong></span> <span class='ocrx_word' id='word_1_94' title='bbox 532 1559 621 1600; x_wconf 90' lang='lat' dir='ltr'><strong>unum</strong></span> <span class='ocrx_word' id='word_1_95' title='bbox 637 1556 739 1617; x_wconf 86' lang='lat' dir='ltr'><strong>genus.</strong></span> <span class='ocrx_word' id='word_1_96' title='bbox 777 1539 904 1598; x_wconf 82' lang='lat' dir='ltr'><strong>Atticum</strong></span> <span class='ocrx_word' id='word_1_97' title='bbox 920 1544 965 1597; x_wconf 87' lang='lat' dir='ltr'><strong>est</strong></span> 
     </span>
     <span class='ocr_line' id='line_1_15' title="bbox 49 1640 964 1719; baseline -0.003 -18"><span class='ocrx_word' id='word_1_98' title='bbox 49 1658 103 1701; x_wconf 84' lang='lat' dir='ltr'><strong>sex</strong></span> <span class='ocrx_word' id='word_1_99' title='bbox 125 1640 236 1701; x_wconf 90' lang='lat' dir='ltr'><strong>milium</strong></span> <span class='ocrx_word' id='word_1_100' title='bbox 260 1641 427 1710; x_wconf 82' lang='lat' dir='ltr'><strong>donarium,</strong></span> <span class='ocrx_word' id='word_1_101' title='bbox 451 1641 598 1701; x_wconf 87' lang='lat' dir='ltr'><strong>Rhodium</strong></span> <span class='ocrx_word' id='word_1_102' title='bbox 616 1649 644 1701; x_wconf 90' lang='lat' dir='ltr'><strong>et</strong></span> <span class='ocrx_word' id='word_1_103' title='bbox 659 1640 865 1719; x_wconf 71' lang='lat' dir='ltr'><strong>cistophorum</strong></span> <span class='ocrx_word' id='word_1_104' title='bbox 882 1645 964 1717; x_wconf 83' lang='lat' dir='ltr'><strong>quat-</strong></span> 
     </span>
     <span class='ocr_line' id='line_1_16' title="bbox 49 1740 1016 1820; baseline -0.003 -19"><span class='ocrx_word' id='word_1_105' title='bbox 49 1752 118 1802; x_wconf 89' lang='lat' dir='ltr'><strong>tuor</strong></span> <span class='ocrx_word' id='word_1_106' title='bbox 134 1741 245 1802; x_wconf 87' lang='lat' dir='ltr'><strong>milium</strong></span> <span class='ocrx_word' id='word_1_107' title='bbox 263 1751 291 1802; x_wconf 86' lang='lat' dir='ltr'><strong>et</strong></span> <span class='ocrx_word' id='word_1_108' title='bbox 307 1743 534 1820; x_wconf 81' lang='lat' dir='ltr'><strong>quingentorum</strong></span> <span class='ocrx_word' id='word_1_109' title='bbox 551 1743 718 1812; x_wconf 79' lang='lat' dir='ltr'><strong>denarium,</strong></span> <span class='ocrx_word' id='word_1_110' title='bbox 734 1740 965 1802; x_wconf 77' lang='lat' dir='ltr'><strong>Alexandrinum</strong></span> <span class='ocrx_word' id='word_1_111' title='bbox 984 1744 1016 1792; x_wconf 83' lang='lat'><strong>15</strong></span> 
     </span>
     <span class='ocr_line' id='line_1_17' title="bbox 49 1842 965 1922; baseline -0.004 -19"><span class='ocrx_word' id='word_1_112' title='bbox 49 1842 103 1903; x_wconf 85' lang='lat' dir='ltr'><strong>Xii</strong></span> <span class='ocrx_word' id='word_1_113' title='bbox 118 1844 286 1913; x_wconf 81' lang='lat' dir='ltr'><strong>denarium,</strong></span> <span class='ocrx_word' id='word_1_114' title='bbox 309 1842 533 1922; x_wconf 81' lang='lat' dir='ltr'><strong>Neapolitanum</strong></span> <span class='ocrx_word' id='word_1_115' title='bbox 549 1862 599 1904; x_wconf 82' lang='lat' dir='ltr'><strong>ser</strong></span> <span class='ocrx_word' id='word_1_116' title='bbox 616 1843 784 1908; x_wconf 80' lang='lat' dir='ltr'><strong>denarium,</strong></span> <span class='ocrx_word' id='word_1_117' title='bbox 806 1843 965 1920; x_wconf 76' lang='lat' dir='ltr'><strong>Syracuse-</strong></span> 
     </span>
     <span class='ocr_line' id='line_1_18' title="bbox 51 1944 845 2021; baseline -0.001 -18"><span class='ocrx_word' id='word_1_118' title='bbox 51 1963 121 2005; x_wconf 92' lang='lat' dir='ltr'><strong>num</strong></span> <span class='ocrx_word' id='word_1_119' title='bbox 144 1948 234 2005; x_wconf 92' lang='lat' dir='ltr'><strong>trium</strong></span> <span class='ocrx_word' id='word_1_120' title='bbox 258 1945 426 2014; x_wconf 81' lang='lat' dir='ltr'><strong>denarium,</strong></span> <span class='ocrx_word' id='word_1_121' title='bbox 450 1944 617 2021; x_wconf 83' lang='lat' dir='ltr'><strong>Rheginum</strong></span> <span class='ocrx_word' id='word_1_122' title='bbox 640 1945 793 2004; x_wconf 82' lang='lat' dir='ltr'><strong>victoriati.</strong></span> <span class='ocrx_word' id='word_1_123' title='bbox 841 1950 845 1959; x_wconf 87' lang='grc'><em>“</em></span> 
     </span>
    </p>

    <p class='ocr_par' dir='ltr' id='par_1_6' title="bbox 51 2044 1039 2935">
     <span class='ocr_line' id='line_1_19' title="bbox 119 2044 966 2126; baseline -0.008 -19"><span class='ocrx_word' id='word_1_124' title='bbox 119 2044 226 2126; x_wconf 67' lang='grc' dir='ltr'>[363Ἶ</span> <span class='ocrx_word' id='word_1_125' title='bbox 246 2046 397 2105; x_wconf 87' lang='lat' dir='ltr'><strong>Tricntom</strong></span> <span class='ocrx_word' id='word_1_126' title='bbox 421 2047 538 2105; x_wconf 87' lang='lat' dir='ltr'><strong>tertium</strong></span> <span class='ocrx_word' id='word_1_127' title='bbox 561 2045 661 2123; x_wconf 91' lang='lat' dir='ltr'><strong>pondo</strong></span> <span class='ocrx_word' id='word_1_128' title='bbox 684 2061 824 2106; x_wconf 85' lang='lat' dir='ltr'><strong>coronam</strong></span> <span class='ocrx_word' id='word_1_129' title='bbox 847 2057 966 2103; x_wconf 82' lang='lat' dir='ltr'><strong>auream</strong></span> 
     </span>
     <span class='ocr_line' id='line_1_20' title="bbox 51 2143 964 2226; baseline -0.004 -19"><span class='ocrx_word' id='word_1_130' title='bbox 51 2147 167 2207; x_wconf 84' lang='lat' dir='ltr'><strong>dedisse</strong></span> <span class='ocrx_word' id='word_1_131' title='bbox 195 2165 227 2207; x_wconf 91' lang='lat' dir='ltr'><strong>se</strong></span> <span class='ocrx_word' id='word_1_132' title='bbox 249 2146 309 2206; x_wconf 92' lang='lat' dir='ltr'><strong>lovi</strong></span> <span class='ocrx_word' id='word_1_133' title='bbox 337 2147 446 2205; x_wconf 91' lang='lat' dir='ltr'><strong>donum</strong></span> <span class='ocrx_word' id='word_1_134' title='bbox 473 2149 591 2226; x_wconf 75' lang='lat' dir='ltr'><strong>scripsit</strong></span> <span class='ocrx_word' id='word_1_135' title='bbox 613 2148 647 2207; x_wconf 84' lang='lat' dir='ltr'><strong>T.</strong></span> <span class='ocrx_word' id='word_1_136' title='bbox 673 2146 808 2218; x_wconf 85' lang='lat' dir='ltr'><strong>Quintius</strong></span> <span class='ocrx_word' id='word_1_137' title='bbox 831 2143 964 2211; x_wconf 81' lang='lat' dir='ltr'><strong>dictator,</strong></span> 
     </span>
     <span class='ocr_line' id='line_1_21' title="bbox 52 2244 1039 2335; baseline -0.002 -28"><span class='ocrx_word' id='word_1_138' title='bbox 52 2266 120 2307; x_wconf 92' lang='lat' dir='ltr'><strong>cum</strong></span> <span class='ocrx_word' id='word_1_139' title='bbox 142 2266 196 2326; x_wconf 91' lang='lat' dir='ltr'><strong>per</strong></span> <span class='ocrx_word' id='word_1_140' title='bbox 218 2266 323 2309; x_wconf 85' lang='lat' dir='ltr'><strong>novem</strong></span> <span class='ocrx_word' id='word_1_141' title='bbox 347 2247 410 2308; x_wconf 90' lang='lat' dir='ltr'><strong>dies</strong></span> <span class='ocrx_word' id='word_1_142' title='bbox 433 2249 552 2309; x_wconf 91' lang='lat' dir='ltr'><strong>totidem</strong></span> <span class='ocrx_word' id='word_1_143' title='bbox 569 2248 658 2310; x_wconf 90' lang='lat' dir='ltr'><strong>urbes</strong></span> <span class='ocrx_word' id='word_1_144' title='bbox 674 2255 703 2309; x_wconf 90' lang='lat' dir='ltr'><strong>et</strong></span> <span class='ocrx_word' id='word_1_145' title='bbox 718 2247 861 2308; x_wconf 83' lang='lat' dir='ltr'><strong>decimam</strong></span> <span class='ocrx_word' id='word_1_146' title='bbox 877 2244 966 2305; x_wconf 85' lang='lat' dir='ltr'><strong>Prae·</strong></span> <span class='ocrx_word' id='word_1_147' title='bbox 985 2248 1039 2335; x_wconf 28' lang='lat'><strong>20·</strong></span> 
     </span>
     <span class='ocr_line' id='line_1_22' title="bbox 51 2348 966 2440; baseline -0.004 -31"><span class='ocrx_word' id='word_1_148' title='bbox 51 2357 135 2409; x_wconf 90' lang='lat' dir='ltr'><strong>ncste</strong></span> <span class='ocrx_word' id='word_1_149' title='bbox 158 2352 294 2428; x_wconf 83' lang='lat' dir='ltr'><strong>cepisset.</strong></span> <span class='ocrx_word' id='word_1_150' title='bbox 332 2350 360 2410; x_wconf 91' lang='lat' dir='ltr'><strong>id</strong></span> <span class='ocrx_word' id='word_1_151' title='bbox 384 2350 550 2440; x_wconf 77' lang='lat' dir='ltr'><strong>significare</strong></span> <span class='ocrx_word' id='word_1_152' title='bbox 572 2352 611 2411; x_wconf 85' lang='lat' dir='ltr'><strong>eit</strong></span> <span class='ocrx_word' id='word_1_153' title='bbox 633 2350 749 2410; x_wconf 85' lang='lat' dir='ltr'><strong>Cincius</strong></span> <span class='ocrx_word' id='word_1_154' title='bbox 771 2350 800 2408; x_wconf 92' lang='lat' dir='ltr'><strong>in</strong></span> <span class='ocrx_word' id='word_1_155' title='bbox 822 2348 966 2427; x_wconf 82' lang='lat' dir='ltr'><strong>Mystago·</strong></span> 
     </span>
     <span class='ocr_line' id='line_1_23' title="bbox 53 2450 968 2530; baseline -0.002 -21"><span class='ocrx_word' id='word_1_156' title='bbox 53 2452 138 2529; x_wconf 83' lang='lat' dir='ltr'><strong>gicon</strong></span> <span class='ocrx_word' id='word_1_157' title='bbox 163 2450 180 2511; x_wconf 93' lang='grc' dir='ltr'><strong>Ι.</strong></span> <span class='ocrx_word' id='word_1_158' title='bbox 202 2451 229 2511; x_wconf 86' lang='grc' dir='ltr'><strong>ΙΙ</strong></span> <span class='ocrx_word' id='word_1_159' title='bbox 251 2452 323 2512; x_wconf 85' lang='lat' dir='ltr'><strong>dues</strong></span> <span class='ocrx_word' id='word_1_160' title='bbox 345 2450 437 2512; x_wconf 84' lang='lat' dir='ltr'><strong>libres</strong></span> <span class='ocrx_word' id='word_1_161' title='bbox 460 2452 557 2530; x_wconf 90' lang='lat' dir='ltr'><strong>pondo</strong></span> <span class='ocrx_word' id='word_1_162' title='bbox 581 2459 610 2512; x_wconf 88' lang='lat' dir='ltr'><strong>et</strong></span> <span class='ocrx_word' id='word_1_163' title='bbox 632 2453 784 2520; x_wconf 86' lang='lat' dir='ltr'><strong>trientem,</strong></span> <span class='ocrx_word' id='word_1_164' title='bbox 814 2468 869 2528; x_wconf 87' lang='lat' dir='ltr'><strong>qua</strong></span> <span class='ocrx_word' id='word_1_165' title='bbox 898 2466 968 2508; x_wconf 92' lang='lat' dir='ltr'><strong>con·</strong></span> 
     </span>
     <span class='ocr_line' id='line_1_24' title="bbox 52 2550 968 2631; baseline -0.004 -18"><span class='ocrx_word' id='word_1_166' title='bbox 52 2552 207 2613; x_wconf 87' lang='lat' dir='ltr'><strong>suetudine</strong></span> <span class='ocrx_word' id='word_1_167' title='bbox 230 2553 378 2631; x_wconf 87' lang='lat' dir='ltr'><strong>hodieque</strong></span> <span class='ocrx_word' id='word_1_168' title='bbox 401 2556 520 2624; x_wconf 87' lang='lat' dir='ltr'><strong>utimur,</strong></span> <span class='ocrx_word' id='word_1_169' title='bbox 543 2572 610 2613; x_wconf 90' lang='lat' dir='ltr'><strong>cum</strong></span> <span class='ocrx_word' id='word_1_170' title='bbox 633 2550 744 2630; x_wconf 85' lang='lat' dir='ltr'><strong>lignum</strong></span> <span class='ocrx_word' id='word_1_171' title='bbox 769 2550 821 2610; x_wconf 90' lang='lat' dir='ltr'><strong>hes</strong></span> <span class='ocrx_word' id='word_1_172' title='bbox 843 2550 968 2611; x_wconf 83' lang='lat' dir='ltr'><strong>alterum</strong></span> 
     </span>
     <span class='ocr_line' id='line_1_25' title="bbox 53 2640 967 2733; baseline -0.004 -19"><span class='ocrx_word' id='word_1_173' title='bbox 53 2640 192 2722; x_wconf 45' lang='lat' dir='ltr'><strong>dicimusss</strong></span> <span class='ocrx_word' id='word_1_174' title='bbox 220 2655 248 2714; x_wconf 91' lang='lat' dir='ltr'><strong>id</strong></span> <span class='ocrx_word' id='word_1_175' title='bbox 276 2665 320 2716; x_wconf 90' lang='lat' dir='ltr'><strong>est</strong></span> <span class='ocrx_word' id='word_1_176' title='bbox 342 2656 448 2733; x_wconf 89' lang='lat' dir='ltr'><strong>pedem</strong></span> <span class='ocrx_word' id='word_1_177' title='bbox 473 2662 501 2716; x_wconf 88' lang='lat' dir='ltr'><strong>et</strong></span> <span class='ocrx_word' id='word_1_178' title='bbox 523 2654 640 2716; x_wconf 87' lang='lat' dir='ltr'><strong>bessem</strong></span> <span class='ocrx_word' id='word_1_179' title='bbox 662 2652 822 2712; x_wconf 76' lang='lat' dir='ltr'><strong>latitudinis</strong></span> <span class='ocrx_word' id='word_1_180' title='bbox 844 2651 967 2721; x_wconf 69' lang='lat' dir='ltr'><strong>hahens</strong></span> 
     </span>
     <span class='ocr_line' id='line_1_26' title="bbox 54 2754 1018 2825; baseline -0.005 -9"><span class='ocrx_word' id='word_1_181' title='bbox 54 2763 83 2816; x_wconf 88' lang='lat' dir='ltr'><strong>et</strong></span> <span class='ocrx_word' id='word_1_182' title='bbox 105 2756 287 2825; x_wconf 84' lang='lat' dir='ltr'><strong>sestertium,</strong></span> <span class='ocrx_word' id='word_1_183' title='bbox 312 2758 339 2816; x_wconf 94' lang='lat' dir='ltr'><strong>id</strong></span> <span class='ocrx_word' id='word_1_184' title='bbox 364 2765 408 2817; x_wconf 87' lang='lat' dir='ltr'><strong>est.</strong></span> <span class='ocrx_word' id='word_1_185' title='bbox 431 2756 504 2817; x_wconf 94' lang='lat' dir='ltr'><strong>duos</strong></span> <span class='ocrx_word' id='word_1_186' title='bbox 527 2774 606 2816; x_wconf 84' lang='lat' dir='ltr'><strong>asses</strong></span> <span class='ocrx_word' id='word_1_187' title='bbox 625 2763 654 2816; x_wconf 87' lang='lat' dir='ltr'><strong>ct</strong></span> <span class='ocrx_word' id='word_1_188' title='bbox 669 2756 821 2815; x_wconf 87' lang='lat' dir='ltr'><strong>semissem</strong></span> <span class='ocrx_word' id='word_1_189' title='bbox 838 2754 965 2813; x_wconf 86' lang='lat' dir='ltr'><strong>tertium.</strong></span> <span class='ocrx_word' id='word_1_190' title='bbox 986 2754 1018 2803; x_wconf 75' lang='lat' dir='ltr'><strong>2b</strong></span> 
     </span>
     <span class='ocr_line' id='line_1_27' title="bbox 53 2848 892 2935; baseline -0.005 -18"><span class='ocrx_word' id='word_1_191' title='bbox 53 2859 123 2917; x_wconf 93' lang='lat' dir='ltr'><strong>item</strong></span> <span class='ocrx_word' id='word_1_192' title='bbox 146 2859 169 2916; x_wconf 90' lang='lat' dir='ltr'><strong>si</strong></span> <span class='ocrx_word' id='word_1_193' title='bbox 193 2864 252 2917; x_wconf 87' lang='lat' dir='ltr'><strong>tres</strong></span> <span class='ocrx_word' id='word_1_194' title='bbox 275 2876 354 2917; x_wconf 84' lang='lat' dir='ltr'><strong>asses</strong></span> <span class='ocrx_word' id='word_1_195' title='bbox 377 2864 445 2918; x_wconf 87' lang='lat' dir='ltr'><strong>sunt</strong></span> <span class='ocrx_word' id='word_1_196' title='bbox 468 2864 496 2917; x_wconf 92' lang='lat' dir='ltr'><strong>et</strong></span> <span class='ocrx_word' id='word_1_197' title='bbox 519 2864 640 2935; x_wconf 86' lang='lat' dir='ltr'><strong>quartus</strong></span> <span class='ocrx_word' id='word_1_198' title='bbox 658 2848 892 2934; x_wconf 85' lang='lat' dir='ltr'><strong>quadrans...</strong></span> 
     </span>
    </p>
   </div>
   <div class='ocr_carea' id='block_1_3' title="bbox 54 2980 182 2988">
    <p class='ocr_par' dir='ltr' id='par_1_7' title="bbox 54 2980 182 2988">
     <span class='ocr_line' id='line_1_28' title="bbox 54 2980 182 2988; baseline -0.008 -3"><span class='ocrx_word' id='word_1_199' title='bbox 54 2980 182 2988; x_wconf 74' lang='lat'><em>———---</em></span> 
     </span>
    </p>
   </div>
   <div class='ocr_carea' id='block_1_4' title="bbox 122 2979 968 3094">
    <p class='ocr_par' dir='ltr' id='par_1_8' title="bbox 122 2979 968 3094">
     <span class='ocr_line' id='line_1_29' title="bbox 122 2979 968 3094; baseline -0.004 -16.83"><span class='ocrx_word' id='word_1_200' title='bbox 122 2979 234 3094; x_wconf 60' lang='lat' dir='ltr'><strong>hquo]</strong></span> <span class='ocrx_word' id='word_1_201' title='bbox 249 3027 283 3092; x_wconf 93' lang='lat' dir='ltr'><strong>qd</strong></span> <span class='ocrx_word' id='word_1_202' title='bbox 301 3028 357 3079; x_wconf 87' lang='lat' dir='ltr'><strong>cod.</strong></span> <span class='ocrx_word' id='word_1_203' title='bbox 419 3024 496 3075; x_wconf 82' lang='lat' dir='ltr'><strong>hellir</strong></span> <span class='ocrx_word' id='word_1_204' title='bbox 513 3023 614 3090; x_wconf 78' lang='lat' dir='ltr'><strong>punicu</strong></span> <span class='ocrx_word' id='word_1_205' title='bbox 630 3022 754 3075; x_wconf 83' lang='lat' dir='ltr'><strong>seeundu</strong></span> <span class='ocrx_word' id='word_1_206' title='bbox 771 3024 807 3088; x_wconf 90' lang='lat' dir='ltr'><strong>qd</strong></span> <span class='ocrx_word' id='word_1_207' title='bbox 824 3025 881 3074; x_wconf 89' lang='lat' dir='ltr'><strong>eod.</strong></span> <span class='ocrx_word' id='word_1_208' title='bbox 943 3025 968 3075; x_wconf 84' lang='lat'><strong>9.</strong></span> 
     </span>
    </p>
   </div>
   <div class='ocr_carea' id='block_1_5' title="bbox 48 3084 980 3696">
    <p class='ocr_par' dir='ltr' id='par_1_9' title="bbox 48 3084 980 3618">
     <span class='ocr_line' id='line_1_30' title="bbox 55 3084 970 3190; baseline -0.009 -9"><span class='ocrx_word' id='word_1_209' title='bbox 55 3084 189 3181; x_wconf 63' lang='lat' dir='ltr'><strong>SileumG</strong></span> <span class='ocrx_word' id='word_1_210' title='bbox 258 3128 463 3177; x_wconf 82' lang='lat' dir='ltr'><strong>semuntian</strong></span> <span class='ocrx_word' id='word_1_211' title='bbox 545 3129 585 3178; x_wconf 87' lang='lat'><strong>10.</strong></span> <span class='ocrx_word' id='word_1_212' title='bbox 605 3127 676 3176; x_wconf 84' lang='lat' dir='ltr'><strong>Festi</strong></span> <span class='ocrx_word' id='word_1_213' title='bbox 692 3128 770 3176; x_wconf 79' lang='lat' dir='ltr'><strong>Iocum</strong></span> <span class='ocrx_word' id='word_1_214' title='bbox 788 3126 910 3190; x_wconf 65' lang='lat' dir='ltr'><strong>integrum</strong></span> <span class='ocrx_word' id='word_1_215' title='bbox 927 3140 970 3174; x_wconf 85' lang='lat' dir='ltr'><strong>re·</strong></span> 
     </span>
     <span class='ocr_line' id='line_1_31' title="bbox 51 3208 970 3280; baseline -0.01 -15"><span class='ocrx_word' id='word_1_216' title='bbox 51 3218 118 3280; x_wconf 85' lang='lat' dir='ltr'><strong>petit</strong></span> <span class='ocrx_word' id='word_1_217' title='bbox 136 3217 248 3272; x_wconf 81' lang='lat' dir='ltr'><strong>Paulus,·</strong></span> <span class='ocrx_word' id='word_1_218' title='bbox 265 3221 373 3263; x_wconf 83' lang='lat' dir='ltr'><strong>ceterum</strong></span> <span class='ocrx_word' id='word_1_219' title='bbox 391 3213 459 3274; x_wconf 83' lang='lat' dir='ltr'><strong>conf.</strong></span> <span class='ocrx_word' id='word_1_220' title='bbox 479 3228 504 3275; x_wconf 85' lang='lat' dir='ltr'><strong>p</strong></span> <span class='ocrx_word' id='word_1_221' title='bbox 527 3211 639 3263; x_wconf 68' lang='lat' dir='ltr'><strong>313rv.</strong></span> <span class='ocrx_word' id='word_1_222' title='bbox 658 3210 755 3275; x_wconf 82' lang='lat' dir='ltr'><strong>Stipem</strong></span> <span class='ocrx_word' id='word_1_223' title='bbox 837 3213 877 3264; x_wconf 85' lang='lat'><strong>11.</strong></span> <span class='ocrx_word' id='word_1_224' title='bbox 896 3214 924 3259; x_wconf 86' lang='lat' dir='ltr'><strong>et</strong></span> <span class='ocrx_word' id='word_1_225' title='bbox 941 3208 970 3257; x_wconf 91' lang='lat' dir='ltr'><strong>id</strong></span> 
     </span>
     <span class='ocr_line' id='line_1_32' title="bbox 55 3295 969 3365; baseline -0.002 -18"><span class='ocrx_word' id='word_1_226' title='bbox 55 3301 127 3365; x_wconf 89' lang='lat' dir='ltr'><strong>quod</strong></span> <span class='ocrx_word' id='word_1_227' title='bbox 148 3301 207 3362; x_wconf 82' lang='lat' dir='ltr'><strong>Urs,</strong></span> <span class='ocrx_word' id='word_1_228' title='bbox 227 3305 255 3348; x_wconf 84' lang='lat' dir='ltr'><strong>et</strong></span> <span class='ocrx_word' id='word_1_229' title='bbox 268 3299 301 3347; x_wconf 90' lang='lat' dir='ltr'><strong>de</strong></span> <span class='ocrx_word' id='word_1_230' title='bbox 315 3314 346 3346; x_wconf 86' lang='lat' dir='ltr'><strong>ec</strong></span> <span class='ocrx_word' id='word_1_231' title='bbox 361 3312 432 3361; x_wconf 80' lang='lat' dir='ltr'><strong>quoe</strong></span> <span class='ocrx_word' id='word_1_232' title='bbox 450 3297 516 3359; x_wconf 84' lang='lat' dir='ltr'><strong>end,</strong></span> <span class='ocrx_word' id='word_1_233' title='bbox 537 3297 602 3346; x_wconf 93' lang='lat' dir='ltr'><strong>honi</strong></span> <span class='ocrx_word' id='word_1_234' title='bbox 620 3296 691 3360; x_wconf 86' lang='lat' dir='ltr'><strong>quod</strong></span> <span class='ocrx_word' id='word_1_235' title='bbox 708 3295 768 3344; x_wconf 82' lang='lat' dir='ltr'><strong>h&#39;dri</strong></span> <span class='ocrx_word' id='word_1_236' title='bbox 783 3297 861 3346; x_wconf 82' lang='lat' dir='ltr'><strong>Pauli</strong></span> <span class='ocrx_word' id='word_1_237' title='bbox 928 3295 969 3345; x_wconf 83' lang='lat'><strong>13.</strong></span> 
     </span>
     <span class='ocr_line' id='line_1_33' title="bbox 54 3380 968 3447; baseline -0.01 -13"><span class='ocrx_word' id='word_1_238' title='bbox 54 3402 76 3437; x_wconf 86' lang='lat' dir='ltr'><strong>u.</strong></span> <span class='ocrx_word' id='word_1_239' title='bbox 96 3385 243 3434; x_wconf 83' lang='lat' dir='ltr'><strong>Mommsen.</strong></span> <span class='ocrx_word' id='word_1_240' title='bbox 265 3400 293 3447; x_wconf 85' lang='lat' dir='ltr'><strong>p.</strong></span> <span class='ocrx_word' id='word_1_241' title='bbox 313 3386 345 3432; x_wconf 79' lang='grc'><strong>69</strong></span> <span class='ocrx_word' id='word_1_242' title='bbox 368 3381 552 3445; x_wconf 83' lang='lat' dir='ltr'><strong>(eornmentorir&#39;</strong></span> <span class='ocrx_word' id='word_1_243' title='bbox 569 3386 594 3431; x_wconf 79' lang='lat' dir='ltr'><strong>in</strong></span> <span class='ocrx_word' id='word_1_244' title='bbox 611 3381 698 3446; x_wconf 78' lang='lat' dir='ltr'><strong>praes.</strong></span> <span class='ocrx_word' id='word_1_245' title='bbox 716 3380 800 3445; x_wconf 81' lang='lat' dir='ltr'><strong>citati)</strong></span> <span class='ocrx_word' id='word_1_246' title='bbox 888 3380 927 3428; x_wconf 88' lang='lat'><strong>18.</strong></span> <span class='ocrx_word' id='word_1_247' title='bbox 946 3394 968 3426; x_wconf 87' lang='lat' dir='ltr'><strong>v.</strong></span> 
     </span>
     <span class='ocr_line' id='line_1_34' title="bbox 55 3463 980 3532; baseline -0.011 -14"><span class='ocrx_word' id='word_1_248' title='bbox 55 3470 116 3519; x_wconf 79' lang='lat' dir='ltr'><strong>idid.</strong></span> <span class='ocrx_word' id='word_1_249' title='bbox 135 3487 161 3532; x_wconf 84' lang='lat' dir='ltr'><strong>p.</strong></span> <span class='ocrx_word' id='word_1_250' title='bbox 182 3472 215 3518; x_wconf 82' lang='lat'><strong>73</strong></span> <span class='ocrx_word' id='word_1_251' title='bbox 302 3470 342 3519; x_wconf 81' lang='lat'><strong>19.</strong></span> <span class='ocrx_word' id='word_1_252' title='bbox 361 3467 417 3515; x_wconf 88' lang='lat' dir='ltr'><strong>dict</strong></span> <span class='ocrx_word' id='word_1_253' title='bbox 436 3505 443 3518; x_wconf 88' lang='lat'><strong>.</strong></span> <span class='ocrx_word' id='word_1_254' title='bbox 462 3505 468 3519; x_wconf 93' lang='lat'>.</span> <span class='ocrx_word' id='word_1_255' title='bbox 487 3502 494 3517; x_wconf 91' lang='lat'><strong>.</strong></span> <span class='ocrx_word' id='word_1_256' title='bbox 515 3466 566 3516; x_wconf 83' lang='lat' dir='ltr'><strong>Urs</strong></span> <span class='ocrx_word' id='word_1_257' title='bbox 638 3467 682 3518; x_wconf 76' lang='lat'><strong>23.</strong></span> <span class='ocrx_word' id='word_1_258' title='bbox 699 3466 771 3521; x_wconf 75' lang='lat' dir='ltr'><strong>inimo</strong></span> <span class='ocrx_word' id='word_1_259' title='bbox 788 3463 980 3515; x_wconf 73' lang='lat' dir='ltr'><strong>hessuherum</strong></span> 
     </span>
     <span class='ocr_line' id='line_1_35' title="bbox 48 3552 505 3618; baseline 0.011 -17"><span class='ocrx_word' id='word_1_260' title='bbox 48 3555 89 3601; x_wconf 82' lang='lat'><strong>26.</strong></span> <span class='ocrx_word' id='word_1_261' title='bbox 111 3558 140 3599; x_wconf 83' lang='lat' dir='ltr'><strong>ct</strong></span> <span class='ocrx_word' id='word_1_262' title='bbox 157 3552 295 3614; x_wconf 80' lang='lat' dir='ltr'><strong>qrrndruns</strong></span> <span class='ocrx_word' id='word_1_263' title='bbox 314 3557 431 3618; x_wconf 77' lang='lat' dir='ltr'><strong>quartus</strong></span> <span class='ocrx_word' id='word_1_264' title='bbox 451 3552 505 3606; x_wconf 75' lang='lat' dir='ltr'><strong>Urs</strong></span> 
     </span>
    </p>

    <p class='ocr_par' dir='ltr' id='par_1_10' title="bbox 88 3632 861 3696">
     <span class='ocr_line' id='line_1_36' title="bbox 88 3632 861 3696; baseline 0.013 -16"><span class='ocrx_word' id='word_1_265' title='bbox 88 3648 198 3685; x_wconf 71' lang='lat' dir='ltr'><strong>seritur.</strong></span> <span class='ocrx_word' id='word_1_266' title='bbox 217 3653 347 3693; x_wconf 75' lang='lat' dir='ltr'><strong>mernor„</strong></span> <span class='ocrx_word' id='word_1_267' title='bbox 366 3657 403 3694; x_wconf 83' lang='lat' dir='ltr'><strong>rr.</strong></span> <span class='ocrx_word' id='word_1_268' title='bbox 833 3632 861 3696; x_wconf 62' lang='lat' dir='ltr'>Q</span> 
     </span>
    </p>
   </div>
   <div class='ocr_carea' id='block_1_6' title="bbox 0 0 1209 3930">
    <p class='ocr_par' dir='ltr' id='par_1_11' title="bbox 0 0 1209 3930">
     <span class='ocr_line' id='line_1_37' title="bbox 0 0 1209 3930; baseline 0 0"><span class='ocrx_word' id='word_1_269' title='bbox 0 0 1209 3930; x_wconf 95' lang='lat' dir='ltr'><strong> </strong></span> 
     </span>
    </p>
   </div>
  </div>
 </body>
</html>
