2378 3930
94 199 139 263 24
451 196 596 252 uusucu
612 196 753 254 FELICIS

97 349 172 429 apte
195 343 353 428 disposita
375 347 466 410 recta
488 343 664 428 montium,
687 343 823 408 uallium
845 343 939 427 flexa,
961 347 1111 427 porrecta

95 433 306 517 camporum?
334 432 453 518 quidue
480 432 697 497 animantium
724 432 839 516 loquar
862 433 1017 497 aduersus
1041 454 1112 497 sese

94 523 231 587 tutelam
266 521 512 587 multiformem:
549 521 633 586 alias
666 525 810 586 armatas
843 520 996 586 cornibus
1030 521 1112 586 alias

96 610 247 676 dentibus
265 614 406 696 saeptas,
419 614 452 676 ot
466 610 618 675 fundatus
631 609 763 696 ungulis
778 612 811 675 et
825 611 966 694 spicatas
981 610 1113 692 aculeis,

58 724 66 735 ·
96 704 153 765 aut
179 700 298 784 pedum
326 700 492 765 celeritate
508 699 637 765 'liberas
666 703 723 764 aut
750 699 892 764 elatione
914 699 1112 782 pinnarum?
1136 713 1148 756 ὅ

44 804 77 854 11
97 789 169 872 ipsa
192 789 364 872 praecipue
387 789 511 854 formae
534 791 666 853 nostrae
689 787 894 871 pulchritudo
913 788 1010 852 deum
1031 786 1113 852 fate-

96 880 151 942 tur
170 878 339 943 artificemz
364 881 469 942 status
487 877 621 961 rigidus,
641 877 753 942 uultus
772 880 907 959 erectus,
930 876 966 940 in
985 898 1114 941 summo

98 966 185 1032 oculi
203 967 294 1032 uelut
311 966 346 1031 in
366 967 497 1050 specula
515 966 685 1032 constituti
704 969 737 1030 et
752 987 863 1030 omnes
878 965 977 1029 aeteri
996 986 1113 1031 sensus

47 1053 190 1121 18uelut
217 1055 252 1119 iu
277 1076 349 1120 arce
373 1054 556 1140 compositi.
591 1055 726 1139 longum
750 1058 801 1120 est
822 1055 870 1118 ire
892 1076 951 1138 per
974 1053 1114 1138 singula

96 1143 180 1208 nihil
202 1144 238 1209 iu
260 1143 391 1209 homine
414 1145 635 1209 membrorum
653 1147 711 1226 est,
734 1143 820 1227 quod
837 1164 904 1208 non
923 1147 956 1208 et
973 1144 1152 1208 necessi-1⁰

98 1232 177 1298 tatis
206 1255 304 1298 causa
329 1234 372 1297 sit
395 1235 428 1297 et
450 1232 588 1316 decoris3
616 1235 649 1296 et
671 1232 758 1316 quod
781 1232 888 1315 magis
911 1231 1031 1295 mirum
1054 1235 1115 1314 est,

98 1321 211 1386 eadem
238 1321 344 1403 figura
373 1320 538 1404 omuibus,
566 1319 623 1385 sed
645 1319 804 1403 quaedam
826 1320 1002 1404 unicuique
1025 1320 1115 1384 linia·

97 1412 207 1473 menta
229 1408 364 1474 deflexa:
392 1409 440 1474 sic
462 1412 496 1474 et
518 1409 641 1474 similes
668 1409 810 1474 uniuersi
831 1409 979 1473 uidemur
1003 1415 1036 1473 et
1058 1409 1124 1472 ite·

63 1515 79 1564 2
98 1519 170 1562 rum
190 1497 312 1581 singuli
326 1497 499 1563 dissimiles
518 1498 710 1565 iuuenimur.
737 1497 815 1582 quid
833 1497 988 1563 nascendi
1006 1497 1115 1562 ratio?

100 1586 203 1670 [quid]
229 1585 343 1669 cupido
368 1587 546 1672 generandi
572 1608 681 1652 nonne
704 1608 724 1651 a
748 1583 812 1652 deo'
833 1587 910 1651 data
932 1588 996 1670 est,
1024 1591 1057 1650 et
1080 1591 1153 1650 ut1⁵

98 1677 199 1741 ubera
221 1678 319 1759 partu
342 1679 578 1741 maturescente
600 1676 780 1741 lactescant
803 1679 837 1739 et
857 1678 895 1738 ut
916 1677 1010 1738 tener
1029 1675 1117 1740 fetus

63 1782 79 1830 3
98 1765 248 1830 ubertate
266 1765 363 1829 laotei
381 1765 464 1830 roris
483 1763 670 1829 adolescat?
688 1785 749 1828 neo
767 1763 975 1829 uniuersitati
995 1765 1118 1828 solum·

99 1853 196 1918 modo
225 1853 316 1937 deus,
347 1853 402 1918 sed
429 1856 463 1917 et
490 1853 638 1937 partibus
662 1853 817 1918 consulit:
845 1851 1020 1917 Britannia
1048 1853 1117 1917 sole

99 1941 260 2025 deficitur,
292 1942 349 2006 sed
378 1941 628 2007 circumfluentis
660 1942 759 2006 maris
792 1945 904 2025 tepore
936 1945 1116 2024 recreatum

99 2029 245 2114 Aegypti
273 2030 452 2095 siceitatem
476 2034 637 2113 temperat
658 2029 755 2095 Nilus
780 2030 898 2113 amnis3
927 2028 1115 2114 Euphrates
1130 2048 1153 2086 2⁰

100 2121 243 2184 colentes
271 2119 544 2203 Mesopotamiam
575 2141 634 2202 pro
667 2119 826 2183 imbribus
853 2122 983 2202 pensat3
1016 2119 1116 2183 Indus

99 2209 220 2273 flumen
243 2211 276 2272 et
299 2230 405 2273 serere
429 2209 584 2272 orientem
605 2208 721 2272 dicitur
741 2212 774 2272 et
792 2208 907 2292 rigare.
944 2208 1117 2290 quomode,

102 2298 128 2361 si
153 2299 318 2381 ingressus
348 2297 492 2380 aliquam
516 2297 646 2361 domum
670 2297 782 2361 omnia
805 2297 933 2361 exculta
956 2295 1117 2380 disposita

64 2401 82 2449 4
102 2388 216 2449 ornata
238 2384 372 2466 uideris,
397 2386 509 2468 utique
532 2406 681 2468 praeesse
705 2386 735 2449 ei
759 2385 866 2449 credes
891 2385 1059 2449 dominum
1084 2387 1116 2448 et

100 2473 167 2536 illis
198 2471 292 2536 bonis
325 2473 422 2537 rebus
456 2474 558 2537 multo
591 2495 660 2538 esse
693 2474 875 2537 meliorem:
907 2473 955 2537 ita
986 2474 1020 2536 in
1054 2474 1152 2539 hess

101 2561 213 2625 mundi
242 2560 338 2625 domo
367 2583 440 2626 oum
469 2562 595 2626 caelum
620 2566 804 2647 terramque
824 2562 1024 2645 perlustrans
1045 2584 1116 2646 per·

102 2650 220 2734 spicias
247 2650 488 2735 prouidentiam
512 2650 659 2714 ordinem
687 2651 807 2735 legem,
835 2649 927 2714 crede
952 2673 1023 2716 esse
1046 2651 1116 2714 uni-

101 2739 266 2803 uersitatis
305 2739 472 2804 dominum
508 2742 740 2824 parentemque
776 2739 857 2823 ipsis
890 2739 1051 2803 sideribus
1085 2744 1118 2804 et

175 2916 188 2962 1
201 2912 295 2964 erecta
304 2912 465 2967 Perizonius
475 2913 478 2984 1
489 2912 605 2967 uallium
616 2913 767 2968 Danisins:
778 2912 891 2966 collium
900 2919 920 2965 P
930 2914 939 2984 11
948 2919 966 2967 4
976 2914 1072 2982 septas
1080 2919 1100 2966 P
1109 2914 1118 2984 11

103 2985 154 3049 7,8
176 2980 251 3036 oculi
267 2981 296 3033 in
311 3000 420 3037 summo
434 2990 463 3048 P,
482 2985 587 3052 traieci,
606 2989 638 3038 nt
651 2984 681 3037 in
695 3001 803 3038 summo
818 2989 874 3038 iarn
884 2985 1023 3052 pertineat
1037 2986 1075 3039 ad
1088 2985 1117 3038 in

104 3052 219 3122 specula
239 3053 287 3120 (ad
305 3054 517 3120 obseruandum)
533 3072 614 3124 quani
630 3056 667 3109 aa
681 3055 709 3108 in
724 3071 787 3108 arce
802 3057 850 3124 (ad
864 3060 949 3109 iotam
962 3057 1117 3124 paternen-

103 3126 178 3192 dnrn)
192 3125 242 3192 118,
257 3129 272 3176 9
288 3123 389 3190 sensib;
409 3124 493 3179 uelud
507 3131 527 3177 P
541 3127 549 3193 1
564 3133 579 3179 9
599 3124 729 3193 dispositi
742 3126 926 3181 Hennannns
939 3129 948 3197 11
964 3133 996 3180 13
1014 3127 1117 3180 iterum

104 3196 218 3264 scripsi:
236 3192 310 3247 inter
329 3211 357 3247 se
371 3200 391 3246 P
405 3195 414 3262 11
430 3201 462 3249 15
482 3196 549 3265 quid
567 3198 676 3251 seclusit
695 3197 850 3265 Usenernsll
866 3202 898 3251 18
917 3197 1063 3266 bryttania
1076 3204 1096 3250 P
1109 3199 1118 3267 1

105 3272 139 3320 20
164 3266 238 3321 colet
260 3264 381 3319 eufrates
405 3269 638 3335 mesopotamiam
659 3273 691 3334 P,
715 3269 838 3333 correxi·
861 3269 936 3322 colet
958 3271 1027 3323 delet
1048 3270 1118 3324 maie

102 3337 263 3392 Bereiaros
285 3339 295 3404 11
318 3341 350 3390 22
376 3337 516 3404 quomodo
539 3339 639 3407 scripsi
661 3341 720 3394 coll.
745 3338 800 3393 (lic.
824 3340 850 3394 d.
874 3356 902 3393 n.
926 3341 952 3393 d.
976 3338 1003 3391 Π
1022 3345 1048 3406 5,
1069 3345 1116 3394 15:

103 3409 179 3475 quod
196 3414 216 3460 P
239 3410 249 3478 11
271 3413 305 3461 24
324 3406 428 3461 uideris
448 3437 481 3446 -
501 3407 596 3462 credes
614 3411 726 3478 scripsi:
751 3409 923 3465 uidisses-
943 3410 1071 3464 crederes
1090 3416 1117 3476 P,

93 3481 175 3550 qnod
183 3497 240 3551 per
256 3495 286 3536 ce
298 3478 470 3537 intolerabile
484 3479 588 3546 refutat
606 3481 689 3547 plone
703 3479 797 3534 Cicero
810 3482 830 3534 l.
843 3483 864 3534 l.
875 3482 932 3546 tt‘it
946 3481 1118 3546 perlustrans

87 3554 208 3610 addidit
234 3553 377 3614 Vahlenns
395 3556 404 3630 11
423 3558 459 3610 28
480 3549 668 3607 sidesebusP
688 3567 725 3602 m·
745 3555 772 3602 1.
