<?xml version="1.0" encoding="UTF-8"?>
<!DOCTYPE html PUBLIC "-//W3C//DTD XHTML 1.0 Transitional//EN"
    "http://www.w3.org/TR/xhtml1/DTD/xhtml1-transitional.dtd">
<html xmlns="http://www.w3.org/1999/xhtml" xml:lang="en" lang="en">
 <head>
  <title>
</title>
<meta http-equiv="Content-Type" content="text/html;charset=utf-8" />
  <meta name='ocr-system' content='tesseract 3.04.00' />
  <meta name='ocr-capabilities' content='ocr_page ocr_carea ocr_par ocr_line ocrx_word'/>
</head>
<body>
  <div class='ocr_page' id='page_1' title='image "./pomponiimelaede02melagoog_0160.png"; bbox 0 0 2378 3930; ppageno 0'>
   <div class='ocr_carea' id='block_1_1' title="bbox 230 803 830 883">
    <p class='ocr_par' dir='ltr' id='par_1_1' title="bbox 230 803 830 883">
     <span class='ocr_line' id='line_1_1' title="bbox 230 803 830 883; baseline 0.005 -15"><span class='ocrx_word' id='word_1_1' title='bbox 230 820 320 868; x_wconf 84' lang='lat' dir='ltr'><strong>Pauca</strong></span> <span class='ocrx_word' id='word_1_2' title='bbox 338 821 364 866; x_wconf 84' lang='lat' dir='ltr'><strong>in</strong></span> <span class='ocrx_word' id='word_1_3' title='bbox 381 820 522 868; x_wconf 81' lang='lat' dir='ltr'><strong>universum</strong></span> <span class='ocrx_word' id='word_1_4' title='bbox 540 819 609 868; x_wconf 79' lang='lat' dir='ltr'><strong>dicta</strong></span> <span class='ocrx_word' id='word_1_5' title='bbox 623 803 830 883; x_wconf 71' lang='lat' dir='ltr'><strong>praemittuntur.</strong></span> 
     </span>
    </p>
   </div>
   <div class='ocr_carea' id='block_1_2' title="bbox 21 923 1064 3193">
    <p class='ocr_par' dir='ltr' id='par_1_2' title="bbox 58 923 1064 2436">
     <span class='ocr_line' id='line_1_2' title="bbox 133 923 1064 1000; baseline 0.005 -23"><span class='ocrx_word' id='word_1_6' title='bbox 133 923 162 977; x_wconf 92' lang='lat' dir='ltr'><strong>ln</strong></span> <span class='ocrx_word' id='word_1_7' title='bbox 177 923 306 980; x_wconf 84' lang='lat' dir='ltr'><strong>Romanis</strong></span> <span class='ocrx_word' id='word_1_8' title='bbox 328 924 511 997; x_wconf 84' lang='lat' dir='ltr'><strong>scriptoribus</strong></span> <span class='ocrx_word' id='word_1_9' title='bbox 533 941 564 979; x_wconf 82' lang='lat' dir='ltr'><strong>ex</strong></span> <span class='ocrx_word' id='word_1_10' title='bbox 581 924 677 981; x_wconf 84' lang='lat' dir='ltr'><strong>ordine</strong></span> <span class='ocrx_word' id='word_1_11' title='bbox 693 927 891 1000; x_wconf 83' lang='lat' dir='ltr'><strong>componendis</strong></span> <span class='ocrx_word' id='word_1_12' title='bbox 908 926 987 984; x_wconf 90' lang='lat' dir='ltr'><strong>aliam</strong></span> <span class='ocrx_word' id='word_1_13' title='bbox 1005 923 1064 983; x_wconf 80' lang='lat'><strong>109</strong></span> 
     </span>
     <span class='ocr_line' id='line_1_3' title="bbox 66 1009 987 1085; baseline 0.005 -21"><span class='ocrx_word' id='word_1_14' title='bbox 66 1012 203 1065; x_wconf 89' lang='lat' dir='ltr'><strong>rationem</strong></span> <span class='ocrx_word' id='word_1_15' title='bbox 216 1010 293 1083; x_wconf 91' lang='lat' dir='ltr'><strong>sequi</strong></span> <span class='ocrx_word' id='word_1_16' title='bbox 306 1009 448 1065; x_wconf 89' lang='lat' dir='ltr'><strong>debuimus</strong></span> <span class='ocrx_word' id='word_1_17' title='bbox 462 1026 492 1066; x_wconf 91' lang='lat' dir='ltr'><strong>ac</strong></span> <span class='ocrx_word' id='word_1_18' title='bbox 503 1010 580 1082; x_wconf 89' lang='lat' dir='ltr'><strong>prius</strong></span> <span class='ocrx_word' id='word_1_19' title='bbox 596 1009 623 1064; x_wconf 93' lang='lat' dir='ltr'><strong>in</strong></span> <span class='ocrx_word' id='word_1_20' title='bbox 635 1009 744 1066; x_wconf 90' lang='lat' dir='ltr'><strong>Graecis</strong></span> <span class='ocrx_word' id='word_1_21' title='bbox 759 1009 893 1085; x_wconf 87' lang='lat' dir='ltr'><strong>reliquiis.</strong></span> <span class='ocrx_word' id='word_1_22' title='bbox 920 1012 987 1070; x_wconf 87' lang='lat' dir='ltr'><strong>Nam</strong></span> 
     </span>
     <span class='ocr_line' id='line_1_4' title="bbox 67 1093 1056 1167; baseline 0.004 -17"><span class='ocrx_word' id='word_1_23' title='bbox 67 1110 130 1150; x_wconf 90' lang='lat' dir='ltr'><strong>cum</strong></span> <span class='ocrx_word' id='word_1_24' title='bbox 151 1111 183 1149; x_wconf 83' lang='lat' dir='ltr'><strong>en</strong></span> <span class='ocrx_word' id='word_1_25' title='bbox 206 1093 260 1148; x_wconf 91' lang='lat' dir='ltr'><strong>illis</strong></span> <span class='ocrx_word' id='word_1_26' title='bbox 282 1093 366 1167; x_wconf 84' lang='lat' dir='ltr'><strong>longe</strong></span> <span class='ocrx_word' id='word_1_27' title='bbox 387 1093 504 1167; x_wconf 92' lang='lat' dir='ltr'><strong>plurima</strong></span> <span class='ocrx_word' id='word_1_28' title='bbox 524 1101 552 1148; x_wconf 89' lang='lat' dir='ltr'><strong>et</strong></span> <span class='ocrx_word' id='word_1_29' title='bbox 574 1096 685 1150; x_wconf 90' lang='lat' dir='ltr'><strong>incertis</strong></span> <span class='ocrx_word' id='word_1_30' title='bbox 707 1095 865 1152; x_wconf 88' lang='lat' dir='ltr'><strong>auctoribus</strong></span> <span class='ocrx_word' id='word_1_31' title='bbox 885 1096 987 1153; x_wconf 89' lang='lat' dir='ltr'><strong>tradita</strong></span> <span class='ocrx_word' id='word_1_32' title='bbox 1049 1133 1056 1146; x_wconf 87' lang='lat'><strong>·</strong></span> 
     </span>
     <span class='ocr_line' id='line_1_5' title="bbox 67 1178 984 1254; baseline 0.004 -20"><span class='ocrx_word' id='word_1_33' title='bbox 67 1186 160 1234; x_wconf 91' lang='lat' dir='ltr'><strong>essent</strong></span> <span class='ocrx_word' id='word_1_34' title='bbox 176 1186 203 1233; x_wconf 90' lang='lat' dir='ltr'><strong>et</strong></span> <span class='ocrx_word' id='word_1_35' title='bbox 218 1178 251 1233; x_wconf 91' lang='lat' dir='ltr'><strong>de</strong></span> <span class='ocrx_word' id='word_1_36' title='bbox 263 1178 414 1252; x_wconf 90' lang='lat' dir='ltr'><strong>plerisque,</strong></span> <span class='ocrx_word' id='word_1_37' title='bbox 432 1196 484 1253; x_wconf 89' lang='lat' dir='ltr'><strong>qua</strong></span> <span class='ocrx_word' id='word_1_38' title='bbox 497 1185 585 1235; x_wconf 88' lang='lat' dir='ltr'><strong>aetate</strong></span> <span class='ocrx_word' id='word_1_39' title='bbox 598 1186 658 1234; x_wconf 88' lang='lat' dir='ltr'><strong>orta</strong></span> <span class='ocrx_word' id='word_1_40' title='bbox 671 1187 773 1251; x_wconf 88' lang='lat' dir='ltr'><strong>essent,</strong></span> <span class='ocrx_word' id='word_1_41' title='bbox 789 1180 984 1254; x_wconf 81' lang='lat' dir='ltr'><strong>ambigeretur,</strong></span> 
     </span>
     <span class='ocr_line' id='line_1_6' title="bbox 65 1264 983 1337; baseline 0.005 -19"><span class='ocrx_word' id='word_1_42' title='bbox 65 1278 173 1318; x_wconf 92' lang='lat' dir='ltr'><strong>omnem</strong></span> <span class='ocrx_word' id='word_1_43' title='bbox 195 1265 335 1320; x_wconf 80' lang='lat' dir='ltr'><strong>materiam</strong></span> <span class='ocrx_word' id='word_1_44' title='bbox 357 1265 385 1319; x_wconf 93' lang='lat' dir='ltr'><strong>in</strong></span> <span class='ocrx_word' id='word_1_45' title='bbox 408 1264 528 1337; x_wconf 89' lang='lat' dir='ltr'><strong>quinque</strong></span> <span class='ocrx_word' id='word_1_46' title='bbox 548 1265 665 1320; x_wconf 92' lang='lat' dir='ltr'><strong>maiores</strong></span> <span class='ocrx_word' id='word_1_47' title='bbox 686 1271 778 1337; x_wconf 88' lang='lat' dir='ltr'><strong>partes</strong></span> <span class='ocrx_word' id='word_1_48' title='bbox 799 1264 983 1336; x_wconf 82' lang='lat' dir='ltr'><strong>distinximus,</strong></span> 
     </span>
     <span class='ocr_line' id='line_1_7' title="bbox 65 1333 982 1423; baseline 0.005 -21"><span class='ocrx_word' id='word_1_49' title='bbox 65 1356 147 1421; x_wconf 90' lang='lat' dir='ltr'><strong>atque</strong></span> <span class='ocrx_word' id='word_1_50' title='bbox 163 1350 190 1404; x_wconf 92' lang='lat' dir='ltr'><strong>in</strong></span> <span class='ocrx_word' id='word_1_51' title='bbox 213 1346 330 1422; x_wconf 85' lang='lat' dir='ltr'><strong>singulis</strong></span> <span class='ocrx_word' id='word_1_52' title='bbox 352 1348 459 1404; x_wconf 90' lang='lat' dir='ltr'><strong>demum</strong></span> <span class='ocrx_word' id='word_1_53' title='bbox 481 1347 621 1423; x_wconf 88' lang='lat' dir='ltr'><strong>partibus,</strong></span> <span class='ocrx_word' id='word_1_54' title='bbox 643 1333 776 1421; x_wconf 85' lang='lat' dir='ltr'><strong>quantum</strong></span> <span class='ocrx_word' id='word_1_55' title='bbox 795 1347 854 1404; x_wconf 89' lang='lat' dir='ltr'><strong>lieri</strong></span> <span class='ocrx_word' id='word_1_56' title='bbox 875 1359 982 1423; x_wconf 89' lang='lat' dir='ltr'><strong>posset,</strong></span> 
     </span>
     <span class='ocr_line' id='line_1_8' title="bbox 64 1431 983 1505; baseline 0.004 -18"><span class='ocrx_word' id='word_1_57' title='bbox 64 1440 220 1505; x_wconf 90' lang='lat' dir='ltr'><strong>temporum</strong></span> <span class='ocrx_word' id='word_1_58' title='bbox 243 1432 366 1489; x_wconf 88' lang='lat' dir='ltr'><strong>ordinem</strong></span> <span class='ocrx_word' id='word_1_59' title='bbox 388 1435 476 1489; x_wconf 86' lang='lat' dir='ltr'><strong>secuti</strong></span> <span class='ocrx_word' id='word_1_60' title='bbox 498 1448 600 1489; x_wconf 88' lang='lat' dir='ltr'><strong>sumus.</strong></span> <span class='ocrx_word' id='word_1_61' title='bbox 646 1431 699 1488; x_wconf 89' lang='lat' dir='ltr'><strong>Sed</strong></span> <span class='ocrx_word' id='word_1_62' title='bbox 720 1434 748 1489; x_wconf 91' lang='lat' dir='ltr'><strong>in</strong></span> <span class='ocrx_word' id='word_1_63' title='bbox 769 1433 822 1490; x_wconf 90' lang='lat' dir='ltr'><strong>hoc</strong></span> <span class='ocrx_word' id='word_1_64' title='bbox 844 1433 983 1491; x_wconf 91' lang='lat' dir='ltr'><strong>volumine</strong></span> 
     </span>
     <span class='ocr_line' id='line_1_9' title="bbox 65 1517 982 1591; baseline 0.003 -19"><span class='ocrx_word' id='word_1_65' title='bbox 65 1533 126 1573; x_wconf 92' lang='lat' dir='ltr'><strong>oum</strong></span> <span class='ocrx_word' id='word_1_66' title='bbox 152 1518 294 1574; x_wconf 85' lang='lat' dir='ltr'><strong>maximam</strong></span> <span class='ocrx_word' id='word_1_67' title='bbox 320 1525 425 1591; x_wconf 87' lang='lat' dir='ltr'><strong>partem</strong></span> <span class='ocrx_word' id='word_1_68' title='bbox 453 1520 519 1573; x_wconf 88' lang='lat' dir='ltr'><strong>certi</strong></span> <span class='ocrx_word' id='word_1_69' title='bbox 545 1519 695 1591; x_wconf 86' lang='lat' dir='ltr'><strong>scriptores</strong></span> <span class='ocrx_word' id='word_1_70' title='bbox 721 1517 795 1590; x_wconf 91' lang='lat' dir='ltr'><strong>iique</strong></span> <span class='ocrx_word' id='word_1_71' title='bbox 818 1517 982 1575; x_wconf 89' lang='lat' dir='ltr'><strong>nobilissimi</strong></span> 
     </span>
     <span class='ocr_line' id='line_1_10' title="bbox 64 1602 981 1676; baseline 0 -18"><span class='ocrx_word' id='word_1_72' title='bbox 64 1605 141 1674; x_wconf 87' lang='lat' dir='ltr'><strong>quasi</strong></span> <span class='ocrx_word' id='word_1_73' title='bbox 162 1610 247 1658; x_wconf 88' lang='lat' dir='ltr'><strong>testes</strong></span> <span class='ocrx_word' id='word_1_74' title='bbox 269 1602 436 1676; x_wconf 88' lang='lat' dir='ltr'><strong>producendi</strong></span> <span class='ocrx_word' id='word_1_75' title='bbox 457 1609 565 1673; x_wconf 84' lang='lat' dir='ltr'><strong>essent,</strong></span> <span class='ocrx_word' id='word_1_76' title='bbox 586 1610 689 1659; x_wconf 91' lang='lat' dir='ltr'><strong>certam</strong></span> <span class='ocrx_word' id='word_1_77' title='bbox 714 1610 866 1675; x_wconf 92' lang='lat' dir='ltr'><strong>temporum</strong></span> <span class='ocrx_word' id='word_1_78' title='bbox 883 1602 981 1659; x_wconf 88' lang='lat' dir='ltr'><strong>seriem</strong></span> 
     </span>
     <span class='ocr_line' id='line_1_11' title="bbox 63 1685 982 1760; baseline 0.002 -18"><span class='ocrx_word' id='word_1_79' title='bbox 63 1686 232 1744; x_wconf 87' lang='lat' dir='ltr'><strong>constituere</strong></span> <span class='ocrx_word' id='word_1_80' title='bbox 248 1687 325 1744; x_wconf 91' lang='lat' dir='ltr'><strong>licuit</strong></span> <span class='ocrx_word' id='word_1_81' title='bbox 341 1703 355 1742; x_wconf 87' lang='lat' dir='ltr'><strong>a</strong></span> <span class='ocrx_word' id='word_1_82' title='bbox 371 1686 494 1743; x_wconf 88' lang='lat' dir='ltr'><strong>Varrone</strong></span> <span class='ocrx_word' id='word_1_83' title='bbox 510 1686 646 1760; x_wconf 88' lang='lat' dir='ltr'><strong>usquead</strong></span> <span class='ocrx_word' id='word_1_84' title='bbox 662 1686 831 1743; x_wconf 86' lang='lat' dir='ltr'><strong>Priscianum</strong></span> <span class='ocrx_word' id='word_1_85' title='bbox 847 1695 875 1742; x_wconf 92' lang='lat' dir='ltr'><strong>et</strong></span> <span class='ocrx_word' id='word_1_86' title='bbox 889 1685 982 1744; x_wconf 90' lang='lat' dir='ltr'><strong>Victo·</strong></span> 
     </span>
     <span class='ocr_line' id='line_1_12' title="bbox 61 1770 978 1845; baseline 0 -20"><span class='ocrx_word' id='word_1_87' title='bbox 61 1770 141 1827; x_wconf 89' lang='lat' dir='ltr'><strong>rium.</strong></span> <span class='ocrx_word' id='word_1_88' title='bbox 188 1772 255 1826; x_wconf 82' lang='lat' dir='ltr'><strong>&#39;l&#39;um</strong></span> <span class='ocrx_word' id='word_1_89' title='bbox 277 1773 436 1845; x_wconf 86' lang='lat' dir='ltr'><strong>priusquam</strong></span> <span class='ocrx_word' id='word_1_90' title='bbox 458 1771 491 1826; x_wconf 89' lang='lat' dir='ltr'><strong>ad</strong></span> <span class='ocrx_word' id='word_1_91' title='bbox 511 1770 661 1841; x_wconf 86' lang='lat' dir='ltr'><strong>Isidorum,</strong></span> <span class='ocrx_word' id='word_1_92' title='bbox 691 1771 744 1826; x_wconf 90' lang='lat' dir='ltr'><strong>hoo</strong></span> <span class='ocrx_word' id='word_1_93' title='bbox 766 1778 809 1826; x_wconf 89' lang='lat' dir='ltr'><strong>est</strong></span> <span class='ocrx_word' id='word_1_94' title='bbox 830 1772 978 1844; x_wconf 87' lang='lat' dir='ltr'><strong>septimum</strong></span> 
     </span>
     <span class='ocr_line' id='line_1_13' title="bbox 62 1853 979 1927; baseline -0.002 -17"><span class='ocrx_word' id='word_1_95' title='bbox 62 1855 217 1927; x_wconf 77' lang='lat' dir='ltr'><strong>saeculum,</strong></span> <span class='ocrx_word' id='word_1_96' title='bbox 234 1856 427 1924; x_wconf 84' lang='lat' dir='ltr'><strong>transiremus,</strong></span> <span class='ocrx_word' id='word_1_97' title='bbox 449 1857 567 1910; x_wconf 89' lang='lat' dir='ltr'><strong>carmina</strong></span> <span class='ocrx_word' id='word_1_98' title='bbox 583 1855 637 1909; x_wconf 94' lang='lat' dir='ltr'><strong>duo</strong></span> <span class='ocrx_word' id='word_1_99' title='bbox 654 1853 687 1909; x_wconf 90' lang='lat' dir='ltr'><strong>de</strong></span> <span class='ocrx_word' id='word_1_100' title='bbox 702 1853 869 1927; x_wconf 90' lang='lat' dir='ltr'><strong>ponderibus</strong></span> <span class='ocrx_word' id='word_1_101' title='bbox 884 1855 979 1926; x_wconf 93' lang='lat' dir='ltr'><strong>posui-</strong></span> 
     </span>
     <span class='ocr_line' id='line_1_14' title="bbox 59 1935 979 2012; baseline -0.004 -17"><span class='ocrx_word' id='word_1_102' title='bbox 59 1956 138 2009; x_wconf 85' lang='lat' dir='ltr'><strong>mus,</strong></span> <span class='ocrx_word' id='word_1_103' title='bbox 155 1957 272 2012; x_wconf 90' lang='lat' dir='ltr'><strong>quorum</strong></span> <span class='ocrx_word' id='word_1_104' title='bbox 288 1940 402 1994; x_wconf 87' lang='lat' dir='ltr'><strong>alterum</strong></span> <span class='ocrx_word' id='word_1_105' title='bbox 418 1939 476 1993; x_wconf 89' lang='lat' dir='ltr'><strong>lere</strong></span> <span class='ocrx_word' id='word_1_106' title='bbox 492 1945 606 2011; x_wconf 87' lang='lat' dir='ltr'><strong>quarto,</strong></span> <span class='ocrx_word' id='word_1_107' title='bbox 623 1935 739 1991; x_wconf 89' lang='lat' dir='ltr'><strong>alterum</strong></span> <span class='ocrx_word' id='word_1_108' title='bbox 754 1938 851 2008; x_wconf 84' lang='lat' dir='ltr'><strong>qulnto</strong></span> <span class='ocrx_word' id='word_1_109' title='bbox 868 1944 979 2007; x_wconf 78' lang='lat' dir='ltr'><strong>sextove</strong></span> 
     </span>
     <span class='ocr_line' id='line_1_15' title="bbox 60 2020 978 2095; baseline -0.003 -16"><span class='ocrx_word' id='word_1_110' title='bbox 60 2024 171 2079; x_wconf 90' lang='lat' dir='ltr'><strong>saeculo</strong></span> <span class='ocrx_word' id='word_1_111' title='bbox 188 2026 320 2095; x_wconf 88' lang='lat' dir='ltr'><strong>scriptum</strong></span> <span class='ocrx_word' id='word_1_112' title='bbox 337 2039 397 2078; x_wconf 87' lang='lat' dir='ltr'><strong>esse</strong></span> <span class='ocrx_word' id='word_1_113' title='bbox 415 2022 530 2078; x_wconf 88' lang='lat' dir='ltr'><strong>videtur.</strong></span> <span class='ocrx_word' id='word_1_114' title='bbox 560 2021 681 2093; x_wconf 84' lang='lat' dir='ltr'><strong>benique</strong></span> <span class='ocrx_word' id='word_1_115' title='bbox 702 2028 766 2093; x_wconf 92' lang='lat' dir='ltr'><strong>post</strong></span> <span class='ocrx_word' id='word_1_116' title='bbox 786 2020 919 2076; x_wconf 89' lang='lat' dir='ltr'><strong>Isidorum</strong></span> <span class='ocrx_word' id='word_1_117' title='bbox 934 2037 978 2076; x_wconf 90' lang='lat' dir='ltr'><strong>re·</strong></span> 
     </span>
     <span class='ocr_line' id='line_1_16' title="bbox 58 2105 978 2181; baseline 0 -19"><span class='ocrx_word' id='word_1_118' title='bbox 58 2107 124 2164; x_wconf 87' lang='lat' dir='ltr'><strong>licta</strong></span> <span class='ocrx_word' id='word_1_119' title='bbox 140 2115 205 2162; x_wconf 91' lang='lat' dir='ltr'><strong>sunt</strong></span> <span class='ocrx_word' id='word_1_120' title='bbox 219 2125 306 2181; x_wconf 88' lang='lat' dir='ltr'><strong>pauca</strong></span> <span class='ocrx_word' id='word_1_121' title='bbox 321 2107 483 2179; x_wconf 81' lang='lat' dir='ltr'><strong>fragmenta,</strong></span> <span class='ocrx_word' id='word_1_122' title='bbox 500 2121 568 2179; x_wconf 88' lang='lat' dir='ltr'><strong>quae</strong></span> <span class='ocrx_word' id='word_1_123' title='bbox 584 2105 729 2161; x_wconf 84' lang='lat' dir='ltr'><strong>manifesta</strong></span> <span class='ocrx_word' id='word_1_124' title='bbox 744 2105 842 2161; x_wconf 89' lang='lat' dir='ltr'><strong>aetatis</strong></span> <span class='ocrx_word' id='word_1_125' title='bbox 857 2112 923 2159; x_wconf 89' lang='lat' dir='ltr'><strong>nota</strong></span> <span class='ocrx_word' id='word_1_126' title='bbox 935 2120 978 2162; x_wconf 86' lang='lat' dir='ltr'><strong>ea·</strong></span> 
     </span>
     <span class='ocr_line' id='line_1_17' title="bbox 59 2187 979 2264; baseline -0.004 -16"><span class='ocrx_word' id='word_1_127' title='bbox 59 2201 168 2256; x_wconf 88' lang='lat' dir='ltr'><strong>rerent;</strong></span> <span class='ocrx_word' id='word_1_128' title='bbox 193 2192 239 2247; x_wconf 92' lang='lat' dir='ltr'><strong>sed</strong></span> <span class='ocrx_word' id='word_1_129' title='bbox 256 2192 322 2247; x_wconf 90' lang='lat' dir='ltr'><strong>satis</strong></span> <span class='ocrx_word' id='word_1_130' title='bbox 337 2190 480 2264; x_wconf 83' lang='lat' dir='ltr'><strong>probabile</strong></span> <span class='ocrx_word' id='word_1_131' title='bbox 496 2189 649 2259; x_wconf 86' lang='lat' dir='ltr'><strong>videbatur,</strong></span> <span class='ocrx_word' id='word_1_132' title='bbox 666 2191 718 2244; x_wconf 90' lang='lat' dir='ltr'><strong>etsi</strong></span> <span class='ocrx_word' id='word_1_133' title='bbox 734 2190 814 2260; x_wconf 83' lang='lat' dir='ltr'><strong>origo</strong></span> <span class='ocrx_word' id='word_1_134' title='bbox 830 2187 979 2245; x_wconf 91' lang='lat' dir='ltr'><strong>nonnullo·</strong></span> 
     </span>
     <span class='ocr_line' id='line_1_18' title="bbox 59 2272 979 2350; baseline -0.004 -19"><span class='ocrx_word' id='word_1_135' title='bbox 59 2294 120 2333; x_wconf 92' lang='lat' dir='ltr'><strong>rum</strong></span> <span class='ocrx_word' id='word_1_136' title='bbox 137 2276 169 2331; x_wconf 92' lang='lat' dir='ltr'><strong>ad</strong></span> <span class='ocrx_word' id='word_1_137' title='bbox 190 2277 284 2348; x_wconf 83' lang='lat' dir='ltr'><strong>priora</strong></span> <span class='ocrx_word' id='word_1_138' title='bbox 302 2285 425 2349; x_wconf 87' lang='lat' dir='ltr'><strong>tempora</strong></span> <span class='ocrx_word' id='word_1_139' title='bbox 441 2277 610 2350; x_wconf 87' lang='lat' dir='ltr'><strong>pertineret,</strong></span> <span class='ocrx_word' id='word_1_140' title='bbox 634 2280 724 2329; x_wconf 91' lang='lat' dir='ltr'><strong>tamen</strong></span> <span class='ocrx_word' id='word_1_141' title='bbox 746 2273 774 2328; x_wconf 90' lang='lat' dir='ltr'><strong>in</strong></span> <span class='ocrx_word' id='word_1_142' title='bbox 790 2288 848 2328; x_wconf 87' lang='lat' dir='ltr'><strong>eam</strong></span> <span class='ocrx_word' id='word_1_143' title='bbox 864 2272 979 2329; x_wconf 89' lang='lat' dir='ltr'><strong>lormam</strong></span> 
     </span>
     <span class='ocr_line' id='line_1_19' title="bbox 59 2356 980 2436; baseline -0.005 -19"><span class='ocrx_word' id='word_1_144' title='bbox 59 2363 171 2436; x_wconf 91' lang='lat' dir='ltr'><strong>quaein</strong></span> <span class='ocrx_word' id='word_1_145' title='bbox 187 2360 265 2416; x_wconf 88' lang='lat' dir='ltr'><strong>libris</strong></span> <span class='ocrx_word' id='word_1_146' title='bbox 280 2378 361 2417; x_wconf 87' lang='lat' dir='ltr'><strong>manu</strong></span> <span class='ocrx_word' id='word_1_147' title='bbox 378 2361 491 2434; x_wconf 88' lang='lat' dir='ltr'><strong>scriptis</strong></span> <span class='ocrx_word' id='word_1_148' title='bbox 507 2366 597 2414; x_wconf 73' lang='lat' dir='ltr'><strong>exstat</strong></span> <span class='ocrx_word' id='word_1_149' title='bbox 617 2357 678 2413; x_wconf 89' lang='lat' dir='ltr'><strong>illas</strong></span> <span class='ocrx_word' id='word_1_150' title='bbox 699 2356 830 2430; x_wconf 87' lang='lat' dir='ltr'><strong>reliquias</strong></span> <span class='ocrx_word' id='word_1_151' title='bbox 845 2374 900 2413; x_wconf 92' lang='lat' dir='ltr'><strong>non</strong></span> <span class='ocrx_word' id='word_1_152' title='bbox 917 2365 980 2413; x_wconf 87' lang='lat' dir='ltr'><strong>ante</strong></span> 
     </span>
    </p>

    <p class='ocr_par' dir='ltr' id='par_1_3' title="bbox 21 2442 978 2523">
     <span class='ocr_line' id='line_1_20' title="bbox 21 2442 978 2523; baseline -0.006 -22"><span class='ocrx_word' id='word_1_153' title='bbox 21 2518 24 2523; x_wconf 23' lang='grc' dir='ltr'>Ι</span> <span class='ocrx_word' id='word_1_154' title='bbox 58 2446 157 2502; x_wconf 91' lang='lat' dir='ltr'><strong>lsldori</strong></span> <span class='ocrx_word' id='word_1_155' title='bbox 175 2453 300 2516; x_wconf 87' lang='lat' dir='ltr'><strong>aetatem,</strong></span> <span class='ocrx_word' id='word_1_156' title='bbox 317 2445 417 2507; x_wconf 81' lang='lat' dir='ltr'><strong>multas</strong></span> <span class='ocrx_word' id='word_1_157' title='bbox 433 2445 514 2501; x_wconf 91' lang='lat' dir='ltr'><strong>etiam</strong></span> <span class='ocrx_word' id='word_1_158' title='bbox 531 2443 672 2516; x_wconf 89' lang='lat' dir='ltr'><strong>aliquanto</strong></span> <span class='ocrx_word' id='word_1_159' title='bbox 688 2449 752 2515; x_wconf 92' lang='lat' dir='ltr'><strong>post</strong></span> <span class='ocrx_word' id='word_1_160' title='bbox 767 2442 892 2497; x_wconf 89' lang='lat' dir='ltr'><strong>redactas</strong></span> <span class='ocrx_word' id='word_1_161' title='bbox 909 2457 978 2497; x_wconf 90' lang='lat' dir='ltr'><strong>esse.</strong></span> 
     </span>
    </p>

    <p class='ocr_par' dir='ltr' id='par_1_4' title="bbox 54 2524 980 3193">
     <span class='ocr_line' id='line_1_21' title="bbox 120 2524 979 2600; baseline -0.005 -16"><span class='ocrx_word' id='word_1_162' title='bbox 120 2530 140 2584; x_wconf 85' lang='lat' dir='ltr'>E</span> <span class='ocrx_word' id='word_1_163' title='bbox 156 2529 285 2586; x_wconf 86' lang='lat' dir='ltr'><strong>Varronis</strong></span> <span class='ocrx_word' id='word_1_164' title='bbox 301 2529 378 2586; x_wconf 90' lang='lat' dir='ltr'><strong>libris</strong></span> <span class='ocrx_word' id='word_1_165' title='bbox 396 2538 451 2585; x_wconf 91' lang='lat' dir='ltr'><strong>tres</strong></span> <span class='ocrx_word' id='word_1_166' title='bbox 466 2529 544 2585; x_wconf 92' lang='lat' dir='ltr'><strong>locos</strong></span> <span class='ocrx_word' id='word_1_167' title='bbox 568 2528 744 2600; x_wconf 82' lang='lat' dir='ltr'><strong>gravissimos</strong></span> <span class='ocrx_word' id='word_1_168' title='bbox 766 2524 830 2581; x_wconf 93' lang='lat' dir='ltr'><strong>illos</strong></span> <span class='ocrx_word' id='word_1_169' title='bbox 846 2525 979 2598; x_wconf 77' lang='lat' dir='ltr'><strong>elegimus</strong></span> 
     </span>
     <span class='ocr_line' id='line_1_22' title="bbox 59 2608 980 2688; baseline -0.007 -19"><span class='ocrx_word' id='word_1_170' title='bbox 59 2615 160 2688; x_wconf 91' lang='lat' dir='ltr'><strong>quibus</strong></span> <span class='ocrx_word' id='word_1_171' title='bbox 176 2614 208 2670; x_wconf 93' lang='lat' dir='ltr'><strong>de</strong></span> <span class='ocrx_word' id='word_1_172' title='bbox 224 2614 340 2688; x_wconf 87' lang='lat' dir='ltr'><strong>pecunia</strong></span> <span class='ocrx_word' id='word_1_173' title='bbox 357 2615 463 2686; x_wconf 80' lang='lat' dir='ltr'><strong>signata</strong></span> <span class='ocrx_word' id='word_1_174' title='bbox 480 2620 508 2668; x_wconf 90' lang='lat' dir='ltr'><strong>et</strong></span> <span class='ocrx_word' id='word_1_175' title='bbox 524 2613 557 2667; x_wconf 90' lang='lat' dir='ltr'><strong>de</strong></span> <span class='ocrx_word' id='word_1_176' title='bbox 573 2611 785 2684; x_wconf 83' lang='lat' dir='ltr'><strong>agrimensoris</strong></span> <span class='ocrx_word' id='word_1_177' title='bbox 801 2609 900 2680; x_wconf 80' lang='lat' dir='ltr'><strong>agitur.</strong></span> <span class='ocrx_word' id='word_1_178' title='bbox 939 2608 980 2663; x_wconf 81' lang='lat' dir='ltr'><strong>Ad</strong></span> 
     </span>
     <span class='ocr_line' id='line_1_23' title="bbox 57 2692 979 2773; baseline -0.009 -19"><span class='ocrx_word' id='word_1_179' title='bbox 57 2716 145 2772; x_wconf 90' lang='lat' dir='ltr'><strong>quos,</strong></span> <span class='ocrx_word' id='word_1_180' title='bbox 169 2701 192 2754; x_wconf 91' lang='lat' dir='ltr'><strong>si</strong></span> <span class='ocrx_word' id='word_1_181' title='bbox 208 2701 352 2773; x_wconf 89' lang='lat' dir='ltr'><strong>perpetuis</strong></span> <span class='ocrx_word' id='word_1_182' title='bbox 368 2698 572 2754; x_wconf 85' lang='lat' dir='ltr'><strong>commentariis</strong></span> <span class='ocrx_word' id='word_1_183' title='bbox 588 2699 616 2751; x_wconf 91' lang='lat' dir='ltr'><strong>in</strong></span> <span class='ocrx_word' id='word_1_184' title='bbox 632 2696 683 2750; x_wconf 93' lang='lat' dir='ltr'><strong>hac</strong></span> <span class='ocrx_word' id='word_1_185' title='bbox 697 2692 867 2766; x_wconf 88' lang='lat' dir='ltr'><strong>praelatione</strong></span> <span class='ocrx_word' id='word_1_186' title='bbox 884 2708 979 2747; x_wconf 92' lang='lat' dir='ltr'><strong>omnes</strong></span> 
     </span>
     <span class='ocr_line' id='line_1_24' title="bbox 57 2777 979 2857; baseline -0.009 -19"><span class='ocrx_word' id='word_1_187' title='bbox 57 2784 207 2857; x_wconf 91' lang='lat' dir='ltr'><strong>scriptores</strong></span> <span class='ocrx_word' id='word_1_188' title='bbox 223 2783 363 2839; x_wconf 89' lang='lat' dir='ltr'><strong>illustrare</strong></span> <span class='ocrx_word' id='word_1_189' title='bbox 378 2782 527 2850; x_wconf 87' lang='lat' dir='ltr'><strong>vellemus,</strong></span> <span class='ocrx_word' id='word_1_190' title='bbox 551 2779 638 2835; x_wconf 87' lang='lat' dir='ltr'><strong>multa</strong></span> <span class='ocrx_word' id='word_1_191' title='bbox 652 2779 705 2835; x_wconf 90' lang='lat' dir='ltr'><strong>hoc</strong></span> <span class='ocrx_word' id='word_1_192' title='bbox 720 2777 781 2833; x_wconf 88' lang='lat' dir='ltr'><strong>loco</strong></span> <span class='ocrx_word' id='word_1_193' title='bbox 798 2777 919 2834; x_wconf 90' lang='lat' dir='ltr'><strong>addenda</strong></span> <span class='ocrx_word' id='word_1_194' title='bbox 936 2794 979 2832; x_wconf 93' lang='lat' dir='ltr'><strong>es-</strong></span> 
     </span>
     <span class='ocr_line' id='line_1_25' title="bbox 56 2859 978 2938; baseline -0.009 -15"><span class='ocrx_word' id='word_1_195' title='bbox 56 2876 141 2933; x_wconf 60' lang='lat' dir='ltr'><strong>sent,</strong></span> <span class='ocrx_word' id='word_1_196' title='bbox 156 2876 183 2923; x_wconf 89' lang='lat' dir='ltr'><strong>at</strong></span> <span class='ocrx_word' id='word_1_197' title='bbox 204 2885 266 2924; x_wconf 91' lang='lat' dir='ltr'><strong>oum</strong></span> <span class='ocrx_word' id='word_1_198' title='bbox 288 2884 319 2923; x_wconf 91' lang='lat' dir='ltr'><strong>ea</strong></span> <span class='ocrx_word' id='word_1_199' title='bbox 342 2875 447 2923; x_wconf 88' lang='lat' dir='ltr'><strong>tantum</strong></span> <span class='ocrx_word' id='word_1_200' title='bbox 473 2863 609 2938; x_wconf 81' lang='lat' dir='ltr'><strong>explicare</strong></span> <span class='ocrx_word' id='word_1_201' title='bbox 631 2863 807 2937; x_wconf 91' lang='lat' dir='ltr'><strong>propositum</strong></span> <span class='ocrx_word' id='word_1_202' title='bbox 824 2863 860 2917; x_wconf 89' lang='lat' dir='ltr'><strong>sit</strong></span> <span class='ocrx_word' id='word_1_203' title='bbox 876 2859 978 2934; x_wconf 90' lang='lat' dir='ltr'><strong>quibus</strong></span> 
     </span>
     <span class='ocr_line' id='line_1_26' title="bbox 56 2945 978 3026; baseline -0.01 -18"><span class='ocrx_word' id='word_1_204' title='bbox 56 2953 146 3009; x_wconf 88' lang='lat' dir='ltr'><strong>aditus</strong></span> <span class='ocrx_word' id='word_1_205' title='bbox 163 2955 241 3026; x_wconf 90' lang='lat' dir='ltr'><strong>quasi</strong></span> <span class='ocrx_word' id='word_1_206' title='bbox 256 2951 400 3025; x_wconf 87' lang='lat' dir='ltr'><strong>patefieret</strong></span> <span class='ocrx_word' id='word_1_207' title='bbox 417 2950 450 3006; x_wconf 92' lang='lat' dir='ltr'><strong>ad</strong></span> <span class='ocrx_word' id='word_1_208' title='bbox 466 2950 659 3006; x_wconf 86' lang='lat' dir='ltr'><strong>auctoritatem</strong></span> <span class='ocrx_word' id='word_1_209' title='bbox 676 2945 847 3019; x_wconf 85' lang='lat' dir='ltr'><strong>singulorum</strong></span> <span class='ocrx_word' id='word_1_210' title='bbox 861 2946 978 3019; x_wconf 89' lang='lat' dir='ltr'><strong>scripto·</strong></span> 
     </span>
     <span class='ocr_line' id='line_1_27' title="bbox 54 3029 976 3104; baseline -0.01 -12"><span class='ocrx_word' id='word_1_211' title='bbox 54 3053 115 3093; x_wconf 91' lang='lat' dir='ltr'><strong>rum</strong></span> <span class='ocrx_word' id='word_1_212' title='bbox 131 3046 207 3094; x_wconf 90' lang='lat' dir='ltr'><strong>recte</strong></span> <span class='ocrx_word' id='word_1_213' title='bbox 222 3035 417 3104; x_wconf 87' lang='lat' dir='ltr'><strong>adhibendam,</strong></span> <span class='ocrx_word' id='word_1_214' title='bbox 440 3033 509 3103; x_wconf 82' lang='lat' dir='ltr'><strong>nibil</strong></span> <span class='ocrx_word' id='word_1_215' title='bbox 531 3033 585 3089; x_wconf 88' lang='lat' dir='ltr'><strong>tale</strong></span> <span class='ocrx_word' id='word_1_216' title='bbox 606 3031 749 3104; x_wconf 87' lang='lat' dir='ltr'><strong>postulare</strong></span> <span class='ocrx_word' id='word_1_217' title='bbox 769 3029 875 3086; x_wconf 88' lang='lat' dir='ltr'><strong>videtur</strong></span> <span class='ocrx_word' id='word_1_218' title='bbox 889 3029 976 3084; x_wconf 86' lang='lat' dir='ltr'><strong>Varro</strong></span> 
     </span>
     <span class='ocr_line' id='line_1_28' title="bbox 54 3119 549 3193; baseline -0.01 -16"><span class='ocrx_word' id='word_1_219' title='bbox 54 3128 151 3179; x_wconf 80' lang='lat' dir='ltr'><strong>auctor</strong></span> <span class='ocrx_word' id='word_1_220' title='bbox 168 3124 287 3177; x_wconf 89' lang='lat' dir='ltr'><strong>omnium</strong></span> <span class='ocrx_word' id='word_1_221' title='bbox 303 3119 549 3193; x_wconf 87' lang='lat' dir='ltr'><strong>locupletissimus.</strong></span> 
     </span>
    </p>
   </div>
   <div class='ocr_carea' id='block_1_3' title="bbox 178 3281 847 3343">
    <p class='ocr_par' dir='ltr' id='par_1_5' title="bbox 178 3281 847 3343">
     <span class='ocr_line' id='line_1_29' title="bbox 178 3281 847 3343; baseline -0.013 -7"><span class='ocrx_word' id='word_1_222' title='bbox 178 3287 218 3335; x_wconf 90' lang='lat' dir='ltr'><strong>De</strong></span> <span class='ocrx_word' id='word_1_223' title='bbox 239 3286 387 3336; x_wconf 81' lang='lat' dir='ltr'><strong>Columelloe</strong></span> <span class='ocrx_word' id='word_1_224' title='bbox 409 3283 495 3332; x_wconf 81' lang='lat' dir='ltr'><strong>tabula</strong></span> <span class='ocrx_word' id='word_1_225' title='bbox 512 3296 684 3331; x_wconf 78' lang='lat' dir='ltr'><strong>mensurarum</strong></span> <span class='ocrx_word' id='word_1_226' title='bbox 703 3281 847 3343; x_wconf 73' lang='lat' dir='ltr'><strong>opreutiom.</strong></span> 
     </span>
    </p>
   </div>
   <div class='ocr_carea' id='block_1_4' title="bbox 117 3370 1066 3465">
    <p class='ocr_par' dir='ltr' id='par_1_6' title="bbox 117 3370 1066 3465">
     <span class='ocr_line' id='line_1_30' title="bbox 117 3370 1066 3465; baseline -0.019 -18"><span class='ocrx_word' id='word_1_227' title='bbox 117 3391 197 3447; x_wconf 90' lang='lat' dir='ltr'><strong>lnitio</strong></span> <span class='ocrx_word' id='word_1_228' title='bbox 225 3390 286 3447; x_wconf 89' lang='lat' dir='ltr'><strong>libri</strong></span> <span class='ocrx_word' id='word_1_229' title='bbox 315 3389 405 3465; x_wconf 89' lang='lat' dir='ltr'><strong>quinti</strong></span> <span class='ocrx_word' id='word_1_230' title='bbox 436 3389 469 3446; x_wconf 92' lang='lat' dir='ltr'><strong>de</strong></span> <span class='ocrx_word' id='word_1_231' title='bbox 493 3404 524 3445; x_wconf 89' lang='lat' dir='ltr'><strong>re</strong></span> <span class='ocrx_word' id='word_1_232' title='bbox 544 3381 652 3445; x_wconf 67' lang='lat' dir='ltr'><strong>rustica</strong></span> <span class='ocrx_word' id='word_1_233' title='bbox 669 3382 827 3443; x_wconf 62' lang='lat' dir='ltr'><strong>Columella</strong></span> <span class='ocrx_word' id='word_1_234' title='bbox 845 3383 944 3438; x_wconf 66' lang='lat' dir='ltr'><strong>omma</strong></span> <span class='ocrx_word' id='word_1_235' title='bbox 957 3395 993 3433; x_wconf 69' lang='lat' dir='ltr'><strong>se</strong></span> <span class='ocrx_word' id='word_1_236' title='bbox 1000 3370 1066 3425; x_wconf 57' lang='lat' dir='ltr'><strong>m</strong></span> 
     </span>
    </p>
   </div>
   <div class='ocr_carea' id='block_1_5' title="bbox 38 3464 1016 3624">
    <p class='ocr_par' dir='ltr' id='par_1_7' title="bbox 38 3464 1016 3624">
     <span class='ocr_line' id='line_1_31' title="bbox 38 3464 1016 3555; baseline -0.02 -25"><span class='ocrx_word' id='word_1_237' title='bbox 38 3477 177 3548; x_wconf 79' lang='lat' dir='ltr'><strong>persequi</strong></span> <span class='ocrx_word' id='word_1_238' title='bbox 188 3493 278 3550; x_wconf 89' lang='lat' dir='ltr'><strong>posse</strong></span> <span class='ocrx_word' id='word_1_239' title='bbox 293 3487 381 3554; x_wconf 82' lang='lat' dir='ltr'><strong>negat</strong></span> <span class='ocrx_word' id='word_1_240' title='bbox 398 3494 473 3555; x_wconf 85' lang='lat' dir='ltr'><strong>quae</strong></span> <span class='ocrx_word' id='word_1_241' title='bbox 492 3477 526 3538; x_wconf 92' lang='lat' dir='ltr'><strong>ab</strong></span> <span class='ocrx_word' id='word_1_242' title='bbox 543 3476 608 3539; x_wconf 82' lang='lat' dir='ltr'><strong>allis</strong></span> <span class='ocrx_word' id='word_1_243' title='bbox 629 3472 714 3534; x_wconf 78' lang='lat' dir='ltr'><strong>uelut</strong></span> <span class='ocrx_word' id='word_1_244' title='bbox 729 3474 840 3530; x_wconf 72' lang='lat' dir='ltr'><strong>omissa</strong></span> <span class='ocrx_word' id='word_1_245' title='bbox 851 3464 1016 3523; x_wconf 62' lang='lat' dir='ltr'><strong>desineres-</strong></span> 
     </span>
     <span class='ocr_line' id='line_1_32' title="bbox 847 3559 899 3624; baseline -0.019 -28"><span class='ocrx_word' id='word_1_246' title='bbox 847 3559 899 3624; x_wconf 49' lang='lat' dir='ltr'><strong>Vt·</strong></span> 
     </span>
    </p>
   </div>
   <div class='ocr_carea' id='block_1_6' title="bbox 0 0 1194 3930">
    <p class='ocr_par' dir='ltr' id='par_1_8' title="bbox 0 0 1194 3930">
     <span class='ocr_line' id='line_1_33' title="bbox 0 0 1194 3930; baseline 0 5"><span class='ocrx_word' id='word_1_247' title='bbox 0 0 1194 3930; x_wconf 95' lang='lat' dir='ltr'><strong> </strong></span> 
     </span>
    </p>
   </div>
  </div>
 </body>
</html>
