2378 3930
314 221 495 279 cnoaoeru
514 223 528 279 1
548 230 589 280 1o.
609 229 651 280 ιτ.
671 228 705 279 rs
723 225 853 295 (ss-91)
1046 223 1088 291 21

71 387 215 455 victores
243 385 474 457 Thebanorum
500 385 685 472 Epigonos,
712 390 746 452 et
773 383 959 472 Colophon,
991 410 1091 473 quarn

70 475 209 560 Mopsus
241 474 386 545 eiusdem
412 472 545 541 Mantus
577 474 664 541 filius
696 475 822 543 statuit
872 476 906 541 at
938 496 1092 562 promun·
1110 490 1144 541 es

70 564 198 630 tarium
226 585 291 648 quo
314 563 403 629 sinus
427 563 604 648 claudituu,
619 563 718 648 .quod
741 563 847 631 altera
872 569 967 648 parte
990 566 1092 632 alium

72 672 171 738 quem
184 650 399 737 Smyrnaeum
417 656 537 719 vocant
554 651 664 736 efficit,
683 652 895 738 angustisque
913 654 1091 722 corvicibus
1166 680 1170 687 ’

45 741 202 826 oreliqua
220 740 366 806 extendit
383 741 418 805 in
436 741 546 824 latius,
563 741 635 807 abit
651 742 687 807 in
704 741 947 825 paeneinsulae
965 742 1092 809 faciem

73 851 172 914 super
187 829 358 914 angustias
376 828 454 894 hinc
468 829 551 895 Teos
570 829 664 895 illinc
678 827 902 913 Clazomenae,
920 851 984 914 qua
998 835 1094 917 terga

73 921 177 1005 agunt
196 917 336 984 confinio
351 917 495 984 adnexae
513 917 608 1002 muri,
626 918 764 984 diversis
782 917 946 984 frontibus
966 918 1095 986 diversa

72 1007 179 1110 maria
207 1008 426 1160 prsospeotant.
467 1007 502 1159 ip
514 1006 599 1159 ffers
620 1027 724 1090 paene
746 1007 854 1160 insulsts
882 1011 938 1161 esp)
956 1005 1094 1161 Cloryna

35 1115 480 1251 ,rettulerint
503 1116 656 1249 usit?
686 1117 835 1161 ΜΗ
878 1118 957 1162 Ἢ
1008 1118 1094 1180 ‘¹¹⁰³'

162 1272 320 1339 Proxima
345 1273 449 1357 regio,
482 1294 521 1337 ex
548 1294 613 1356 quo
646 1273 688 1337 ab
715 1271 829 1338 Aeolis
857 1272 957 1338 incoli
984 1273 1092 1357 coepit
1104 1250 1145 1378 193

70 1360 186 1427 Aeolis
211 1361 313 1444 faeta,
345 1366 420 1426 ante
448 1359 568 1446 Mysia,
599 1364 633 1425 et
665 1383 729 1445 qua
756 1360 1007 1445 Hellespontum
1038 1362 1091 1427 ad·

70 1450 192 1536 tingit,
230 1449 383 1515 Troianis
414 1449 658 1534 possidentibus
691 1448 794 1515 Troas
825 1449 898 1514 fuit.
951 1451 1092 1533 primam

70 1539 204 1604 urbium
233 1558 254 1603 a
275 1537 405 1622 Myrino
429 1537 594 1604 conditore
616 1537 779 1623 Myrinam
802 1542 934 1619 vocant,
959 1560 1093 1622 sequen·

34 1649 58 1689 ro
71 1632 140 1692 tem
153 1627 274 1711 Pelops
293 1627 421 1711 statuit,
439 1627 527 1692 victo
542 1625 707 1693 Oenomao
722 1647 869 1693 reversus
890 1648 929 1692 er
943 1625 1092 1710 Graecia,

72 1713 199 1800 Cyrnon
224 1715 408 1782 nominavit
434 1715 540 1799 pulsis
569 1717 624 1801 qui
646 1715 879 1782 habitaverant
906 1715 971 1780 dux
993 1714 1093 1780 Ama·

70 1825 191 1870 nonum
213 1802 326 1888 Cyme.
372 1826 470 1888 supra
494 1801 609 1871 Caicus
638 1805 724 1871 inter
746 1803 872 1871 Elaean
895 1804 1037 1870 documii
1059 1808 1092 1870 et

70 1892 221 1977 Pitanen,
243 1893 338 1958 illam
362 1912 445 1978 quae
468 1892 640 1959 Arcesilan
661 1893 756 1978 tulit,
779 1893 864 1958 nihil
888 1892 1091 1958 adfirmantis

71 1981 258 2048 academiae
286 1981 505 2047 clarissimum
533 1983 726 2047 antistitem.
775 1986 847 2047 tum
878 1982 914 2045 in
940 2002 1092 2065 promun·
1111 1995 1144 2043 91

32 2091 58 2132 so
71 2071 159 2136 turio
184 2076 234 2136 est
254 2068 349 2154 Cyna
367 2070 533 2155 oppidum,
556 2070 643 2154 quod
664 2073 905 2153 praetervectos
929 2069 1020 2134 sinus
1040 2091 1091 2133 er·

72 2159 154 2243 cipit
175 2180 243 2224 non
265 2176 382 2244 parvos
407 2159 461 2225 sed
485 2159 585 2244 longe
609 2180 647 2224 ao
674 2158 820 2223 molliter
847 2157 963 2242 flexus,
990 2161 1091 2222 retra·

70 2246 217 2332 hensquc
248 2247 409 2332 paulatim
441 2268 515 2312 oras
549 2269 652 2332 usque
684 2247 725 2312 ad
752 2247 820 2312 ima
851 2247 974 2312 montis
1000 2245 1093 2312 Jdae.

71 2335 100 2400 is
133 2336 240 2420 primo
272 2336 383 2419 parvis
416 2335 553 2401 urbibus
586 2357 736 2420 aspersus
764 2340 827 2421 est,
860 2357 997 2420 quarum
1029 2336 1092 2400 cla·

71 2424 206 2488 rissima
228 2428 280 2489 est
302 2423 446 2491 Cistena.
492 2425 618 2507 gremio
641 2425 795 2491 interiore
824 2446 957 2508 campus
981 2423 1092 2489 Thebe

29 2531 57 2573 ao
71 2512 219 2595 nomine;
238 2512 465 2597 Adrymstion,
482 2511 649 2598 Asturam,
663 2512 821 2598 Chrysam
840 2513 961 2597 oppida
978 2512 1092 2577 eodem

70 2621 137 2685 quo
166 2600 254 2667 diota
280 2604 358 2667 sunt
384 2601 497 2667 ordine
527 2601 710 2668 adiacentia
737 2603 896 2684 continet,
923 2602 960 2666 in
987 2601 1091 2666 altero

68 2742 284 2755 —t-—t———u-

143 2817 167 2868 1.
191 2811 347 2881 ephigonos
367 2809 395 2864 A
472 2815 497 2864 2.
527 2810 564 2865 sd
588 2812 616 2865 A
694 2816 718 2864 ³.
745 2809 793 2879 qui
816 2808 843 2864 A
870 2808 988 2878 quode
1063 2815 1088 2864 4.

69 2883 234 2969 Ξωγηιοπω
251 2901 279 2953 A
353 2905 377 2954 θ.
398 2914 462 2954 ceos
479 2898 508 2953 A
527 2899 600 2954 'l'eos
622 2898 768 2954 Vadicauo
841 2896 1044 2969 ola<aomena>
1062 2898 1089 2951 A
1146 2915 1148 2919 ·

66 2989 186 3057 <litiano
202 2989 235 3043 ia
252 3005 308 3044 ras.
327 2987 378 3057 Μ)
443 2975 584 3063 ᾳᾍᾳιιὶαΑ
599 3003 655 3056 qua
669 2988 824 3042 Pinticcus
896 2992 920 3041 7.
940 2986 1048 3040 adnexa
1061 2987 1089 3039 A

67 3075 196 3131 adnexae
216 3075 369 3131 Pintiaaas
439 3075 511 3129 mari
528 3078 556 3130 A
574 3077 647 3129 muri
670 3075 782 3131 Vossius
854 3081 879 3130 9.
898 3068 1043 3144 lmyrnaeo
1062 3075 1089 3128 A

127 3146 298 3203 thermodon
316 3149 343 3202 A
361 3146 481 3201 Hermus
500 3147 651 3202 Pincianus
723 3153 765 3202 10.
784 3148 877 3216 phoea
895 3145 1044 3202 erisioniae
1062 3145 1091 3200 A

66 3217 201 3272 Phocaea
217 3217 313 3273 Ioniae
336 3217 447 3274 Vossius
518 3216 635 3272 ultimae
653 3217 681 3272 A
700 3216 801 3270 ultima
817 3234 838 3273 :a
912 3224 945 3272 17
965 3218 1046 3271 elean
1063 3218 1091 3270 A

66 3287 178 3344 Elaean
200 3290 302 3359 scripsi
374 3294 415 3344 18.
439 3287 598 3343 archesilsn
619 3289 648 3342 A
666 3287 813 3343 Arcesilan
834 3305 855 3345 a
927 3295 969 3344 21.
988 3302 1091 3358 parvos

67 3361 109 3414 sio
126 3360 157 3415 A
210 3366 254 3415 23.
273 3358 310 3413 iis
327 3360 356 3414 A
374 3359 434 3416 iso
489 3366 531 3414 24.
550 3358 653 3415 thebae
671 3361 700 3414 A
719 3359 851 3416 Theben
905 3365 948 3414 25.
968 3361 1091 3413 austrum

68 3431 96 3485 A
116 3430 251 3484 Asturam
269 3430 398 3486 Barsines
470 3445 592 3484 cressum
609 3430 638 3484 A
664 3428 799 3499 Chrysam
823 3432 976 3486 Pintianus
1048 3433 1090 3483 26.

66 3500 216 3556 continent
233 3503 261 3556 A
280 3501 406 3556 continet
423 3518 440 3556 o
612 3518 614 3525 ·
