2378 3930
44 174 124 259 [117]
276 196 351 240 notu
370 174 392 237 'n
413 195 515 239 resno
537 196 579 239 nr
601 196 716 241 stunc.
920 174 962 241 75

46 336 77 390 et
91 330 285 409 septuaginta,
308 330 402 391 triens
423 348 474 391 sex
491 336 521 391 et
534 330 701 409 nonaginta,
724 330 877 408 quincunx
892 347 962 392 cen·

45 436 109 491 tum
134 437 163 491 et
186 431 301 510 viginti,
330 432 419 493 seruis
441 438 559 493 centum
584 437 613 492 et
634 439 759 510 quatuor
782 438 812 491 et
834 430 961 509 quadra-

46 534 136 610 ginta,
152 540 281 611 septunx
295 540 413 594 centurn
430 540 459 594 et
474 540 541 593 octo
556 538 586 593 et
599 533 764 611 sexaginta,
783 531 878 593 bessis
893 550 962 595 cen·

44 642 109 694 turn
132 638 161 695 et
184 632 258 694 duos
280 642 309 696 ct
330 634 504 712 nonaginta,
528 632 658 694 dodrans
672 632 816 695 ducentos
834 641 864 696 et
878 634 961 695 sede·

46 737 118 805 cim,
143 734 264 795 dextans
287 736 429 797 ducentos
452 742 481 797 et
502 733 709 815 quadraginta,
734 733 832 796 deunx
853 734 997 799 doceo-5

44 846 92 897 tos
121 844 150 897 et
178 844 303 916 quatuor
330 844 358 898 et
381 837 545 916 sexaginta,
574 854 606 897 as
628 836 770 897 ducentos
792 845 820 897 et
843 842 911 898 octo
934 842 964 897 et

47 939 207 1017 octoginta.

49 1122 120 1185 117.
165 1122 244 1185 Loci
257 1141 274 1184 e
289 1122 375 1185 Festi
395 1121 487 1184 libris
500 1122 540 1183 de
554 1120 721 1184 verborum
735 1122 964 1202 aiquificotioue

274 1232 367 1306 atque
381 1242 420 1285 ec
438 1224 567 1303 epitome
581 1220 729 1304 Pauli*).

112 1342 181 1424 [17]
197 1349 281 1404 Actus
296 1348 378 1404 modo
393 1346 548 1421 significant
561 1378 597 1388 -
612 1347 665 1403 iter
680 1346 753 1403 inter
767 1346 870 1403 vicinos
885 1354 964 1421 quat·
983 1356 1015 1407 10

47 1442 112 1489 tuor
131 1433 230 1507 pedum
250 1431 352 1502 latum,
374 1433 454 1488 modo
476 1434 503 1487 in
525 1432 689 1505 geometrica
707 1431 839 1488 minorem
859 1439 964 1506 partem

47 1518 151 1590 urgeri,
174 1518 199 1572 id
218 1525 261 1573 cst
277 1526 386 1574 centum
400 1517 495 1589 viginti
513 1517 621 1590 pedum.

111 1596 181 1678 [24]
198 1603 348 1658 destinata
370 1617 459 1676 poena
480 1599 512 1655 ab
534 1601 654 1674 antiquis
680 1600 713 1656 ab
734 1615 797 1657 aere
817 1601 889 1659 dicta
911 1608 963 1671 est,

48 1688 96 1759 qui
115 1704 172 1742 earn
189 1688 399 1744 aestimaverunt
414 1701 486 1754 aere,
503 1700 579 1740 ovem
596 1685 728 1756 decussis,
745 1685 839 1742 bovem
854 1692 964 1743 centus·

46 1771 99 1833 sis,
123 1772 174 1828 boc
190 1778 233 1828 est
250 1772 341 1828 decem
357 1770 398 1826 vel
414 1778 521 1827 centum
537 1768 653 1826 assibus.
984 1778 1015 1827 15

113 1850 182 1933 [33]
207 1856 315 1912 bessem
342 1855 507 1930 appellatum
534 1871 611 1924 csse,
640 1855 714 1927 quod
740 1853 781 1909 bis
811 1854 894 1910 triens
916 1855 964 1922 sit,

48 1941 171 2014 quarnvis
186 1940 253 1996 (lura
269 1940 434 2014 compositio
450 1938 505 1994 dat.
531 1934 618 2013 [besis
630 1954 662 1995 ex
673 1940 779 1994 triente.
806 1938 879 1993 besis
889 1933 962 1995 vxul

50 2034 115 2080 sunt
130 2028 235 2081 unciae.
267 2025 352 2081 triens
368 2018 449 2101 tros]

114 2103 184 2184 [54]
196 2108 373 2165 centenariae
389 2124 471 2165 cenae
487 2106 647 2164 dicebantur
662 2107 688 2163 in
705 2123 772 2179 quas
788 2105 849 2181 lege
861 2105 963 2163 Licinia

48 2210 103 2249 non
123 2193 186 2265 plus
201 2193 375 2249 centussibus
391 2201 501 2267 praeter
518 2199 591 2249 terra
606 2198 668 2249 nata
686 2190 918 2265 inpendebantur,
937 2190 965 2247 id
983 2200 1017 2249 20

47 2286 92 2333 est
106 2285 214 2333 centum
232 2276 354 2348 assibus,
372 2280 418 2351 qui
434 2285 512 2335 erant
527 2275 623 2333 breves
642 2276 745 2333 nummi
761 2293 794 2334 ex
809 2290 879 2333 aere.

100 2395 166 2401 ..---
177 2395 198 2403 σ-

117 2464 141 2514 2.
167 2467 195 2512 et
218 2468 277 2511 onte
300 2465 418 2524 quatuor
440 2460 554 2526 idemque
576 2460 682 2526 reliquis
700 2459 763 2509 loric
778 2466 839 2523 post
856 2462 966 2508 centum

48 2555 75 2597 et
93 2546 226 2597 ducentos
244 2547 315 2595 unns
326 2546 429 2595 certauit
441 2544 485 2594 Bo·
552 2545 578 2593 4.
597 2547 625 2594 et
642 2543 764 2593 sedecim
775 2542 827 2599 Bri,
845 2542 966 2593 sedecim

49 2632 87 2681 Gr
93 2630 148 2697 (qui
160 2633 267 2681 adnotat
276 2646 325 2695 pro
334 2628 448 2680 CCXVI
455 2629 585 2678 librarium
596 2631 727 2692 accepisse
735 2626 869 2687 CCXXI),
882 2640 966 2677 unum

47 2722 78 2765 et
95 2717 196 2780 viginti
215 2717 254 2765 Ilo

116 2798 140 2862 ¹³)
166 2800 278 2849 Numeri
305 2799 383 2848 uncis
406 2795 507 2846 inclusi
537 2796 662 2845 indicant
690 2796 808 2860 paginas
836 2795 985 2846 editionis·

49 2883 259 2935 Muellerianae.
294 2883 363 2933 Loci
386 2880 537 2931 minoribus
561 2880 662 2929 litteris
686 2880 810 2945 expressi
833 2895 867 2929 ex
884 2878 967 2931 Pauli

48 2970 169 3035 epitome
192 2968 304 3033 repetiti
327 2970 398 3017 erint.
434 2965 466 3015 In
489 2965 566 3015 Festi
589 2963 657 3013 locis
681 2979 715 3013 oa
739 2978 810 3029 quae
828 2963 967 3030 probabili

49 3054 212 3103 coniectura
231 3052 325 3102 addita
343 3054 407 3101 sunt
429 3049 546 3099 cursivis
569 3048 670 3098 litteris
689 3046 838 3098 Muellerus
863 3047 965 3115 signifi·

52 3139 138 3190 cavit.

120 3224 159 3274 11.
179 3216 357 3286 geometrica]
377 3218 530 3284 gromatica
543 3217 699 3267 Lachmann.
717 3218 742 3265 in
759 3216 826 3267 illua.
840 3218 919 3269 Ilien.
932 3217 968 3267 II

47 3324 76 3372 p.
97 3310 149 3357 357
219 3307 260 3357 14.
279 3303 516 3355 estimsueruntti
584 3301 748 3352 centusisG
817 3304 857 3353 lb.
877 3302 967 3351 decim

50 3392 74 3441 G
143 3392 183 3440 16.
202 3390 337 3439 besemG
424 3390 464 3437 17.
484 3388 560 3438 besis
578 3392 627 3436 etc.
645 3389 683 3437 aie
701 3388 773 3437 edidi
789 3387 844 3438 et}
925 3386 965 3434 19.

50 3475 218 3541 Centenariq
237 3489 341 3525 caenae
361 3473 382 3521 G
451 3474 494 3525 20.
511 3471 726 3540 pterrcenetab·
742 3472 779 3533 G,
794 3477 819 3521 et
838 3470 869 3519 ub
888 3472 975 3517 ctteru

44 3576 75 3607 m.
101 3545 208 3622 lsrqner
226 3566 270 3610 ter
