2378 3930
97 208 140 273 26
452 203 597 261 ΜΙΝΠΟΙΙ
615 203 753 260 FELICIS

94 354 190 419 mariz
219 352 368 418 sensibus
395 351 499 416 maior
524 353 587 434 est,
614 349 775 434 infinitus,
801 349 971 415 inmensus
995 352 1029 413 et
1052 349 1111 414 soli

95 443 159 508 sibi
182 444 307 520 tantus,
335 443 477 527 quantus
500 443 563 518 est,
589 442 696 504 notus.
732 438 828 504 nobis
850 459 929 504 uero
953 438 997 503 ad
1019 438 1112 502 intel·

94 534 216 596 leotum
242 533 356 614 peetus
385 532 560 614 angustum
587 531 649 612 est,
678 533 710 592 et
736 527 809 592 ideo
839 528 884 591 sio
912 547 987 591 eum
1016 526 1112 612 digne

59 620 320 702 saestimamus‚
356 619 433 683 dum
473 616 745 682 inaestimabilem
780 616 927 681 dicimus.
978 616 1113 700 eloquar

96 707 365 793 quemadmodum
389 706 506 772 sentio:
530 706 788 790 magnitudinem
811 705 864 769 dei
887 705 944 790 qui
963 726 1000 768 se
1017 707 1142 789 purast

96 819 203 883 nosse,
225 797 360 882 minuit3
381 796 437 880 qui
458 817 527 860 non
549 795 620 860 uult
641 794 796 876 minuere,
818 815 885 858 non
908 793 1013 858 nouit.
1054 814 1113 858 nes

44 904 78 954 10
96 908 215 952 nomen
241 885 301 950 deo
327 905 478 968 quaeras:
506 883 583 948 deus
610 904 730 948 nomen
753 886 812 948 est
852 882 920 946 illio
942 881 1113 946 uocabulis

97 997 180 1060 opus
200 977 258 1056 est,
281 995 354 1039 oum
372 994 429 1056 per
447 972 595 1058 singulos
618 971 759 1056 propriis
783 971 1044 1055 appellationum
1067 970 1112 1035 in·

96 1064 245 1149 signibus
269 1062 443 1127 multitudo
467 1061 646 1126 dirimenda
668 1064 732 1125 est:
760 1059 833 1138 deo,
859 1060 915 1144 qui
938 1059 1031 1124 solus
1055 1063 1113 1142 est,

96 1152 147 1217 dei
180 1151 374 1217 uocabulum
406 1154 513 1215 totum
545 1153 604 1215 est
649 1171 744 1234 quem
777 1149 806 1213 si
832 1153 960 1233 patrem
993 1148 1112 1230 dixero,
1124 1165 1155 1207 1⁰·

96 1241 260 1306 carnalem
284 1239 441 1323 opineris,
469 1239 497 1303 si
523 1259 648 1324 regem,
674 1242 839 1303 terrenum
868 1237 1058 1320 suspiceris,
1085 1236 1113 1302 si

96 1329 277 1411 dominum,
304 1327 477 1413 intellegas
504 1327 616 1411 utique
643 1326 824 1392 mortalem.
869 1324 962 1390 aufer
987 1325 1112 1390 addita·

45 1435 75 1483 11
96 1421 207 1481 menta
238 1416 407 1482 nominum
435 1419 468 1480 et
495 1415 672 1501 perspicies
700 1416 768 1481 sius
797 1415 990 1480 claritatem.
1037 1414 1112 1499 quid

97 1504 183 1590 quod
207 1505 352 1570 omnium
372 1505 413 1597 de
437 1505 501 1570 isto
520 1503 625 1569 habeo
645 1502 860 1570 consensum?
883 1502 960 1568 audi
978 1504 1111 1590 uulgus:

21 1674 23 1679 Ι
97 1616 169 1668 oum
197 1594 238 1673 ad
266 1594 392 1659 eaelum
420 1615 535 1658 manus
557 1593 708 1677 tendunt,
735 1592 819 1657 nihil
843 1591 932 1657 aliud
956 1615 1056 1678 quam
1080 1591 1144 1656 ‘01⁶

21 1740 26 1745 .
59 1751 62 1755 ,
95 1677 186 1749 'deus'
204 1673 326 1748 'dieunt‘
345 1686 379 1748 et
401 1677 491 1748 ‘deus
514 1703 654 1768 magnus
677 1681 738 1746 est'
760 1685 799 1746 et.
815 1680 904 1745 ‘deus
927 1703 1026 1746 uerus
1052 1679 1110 1746 sst’

46 1770 48 1774 ’
97 1775 130 1836 et
153 1772 194 1836 ‘si
217 1773 295 1837 deus
319 1770 463 1836 dederit'.
499 1771 591 1856 uulgi
614 1770 677 1836 iste
695 1770 854 1835 naturalis
873 1791 981 1834 sermo
1001 1775 1053 1835 est
1071 1792 1112 1835 an

98 1860 276 1927 Christiani
299 1859 486 1925 confitentis
510 1859 638 1924 oratio?
663 1863 696 1924 et
720 1860 775 1944 qui
795 1857 907 1923 Iouem
931 1859 1112 1943 prinoipem

97 1951 222 2033 uolunt,
244 1949 401 2014 falluntur
418 1949 454 2013 in
475 1949 616 2031 nomine,
640 1948 696 2013 sed
715 1948 753 2012 de
771 1969 838 2013 una
856 1950 1021 2033 potestate
1039 1969 1112 2013 son·

47 2038 251 2105 l9sentiunt.
298 2038 373 2102 audi
404 2041 519 2122 poetas
552 2059 680 2122 quoque
712 2059 813 2102 unum
844 2039 972 2121 patrem
1001 2036 1145 2102 diusmo

99 2138 194 2212 atque
217 2128 384 2193 hominum
407 2127 639 2211 praedicantes,
663 2129 695 2191 et
714 2126 815 2190 talem
834 2147 904 2189 esse
923 2126 1111 2191 mortalium

63 2235 78 2281 2
99 2223 240 2283 mentem
265 2217 393 2301 qualem
417 2236 534 2298 parens
554 2215 698 2281 omnium
718 2216 803 2279 diem
821 2214 994 2279 induxerit.
1033 2214 1109 2299 quid

97 2305 294 2370 Mantuanus
327 2304 442 2368 Maro?
474 2324 581 2368 nonne
614 2304 757 2387 apertius
790 2303 969 2388 proximius
1003 2304 1110 2367 uerius

96 2393 294 2478 principio
323 2394 370 2457 ait
398 2392 545 2457 eaelum
577 2415 618 2457 ao
648 2397 774 2457 terras
804 2395 837 2456 et
864 2393 971 2456 cetera
999 2392 1110 2457 mundi

97 2482 244 2546 membra
267 2481 431 2566 spiritus
459 2481 567 2545 intus
595 2481 668 2545 alit
692 2484 725 2546 et
746 2480 877 2545 infusa
900 2502 1006 2545 mens
1031 2482 1143 2567 agi-2⁵

97 2573 170 2653 tat,
199 2570 286 2634 inde
314 2571 511 2635 hominum
540 2571 799 2654 pecudumque
824 2589 945 2653 genus
969 2573 1002 2633 et
1027 2571 1110 2655 quie-

99 2659 177 2742 quid
201 2659 290 2725 aliud
314 2658 526 2723 animalium?
553 2658 639 2722 idem
662 2658 727 2722 alio
751 2659 822 2723 looo
846 2661 989 2722 mentem
1013 2659 1110 2722 istam

99 2751 132 2811 et
155 2750 305 2832 spiritum
329 2750 424 2813 deum
447 2747 604 2813 nominat.
640 2747 720 2812 haee
744 2747 811 2812 eius
835 2746 935 2811 uerba
958 2750 1050 2811 sunt:

169 2926 324 2977 auersere
342 2921 428 2977 uerbo
448 2938 517 2976 sorr.
532 2927 552 2973 P
565 2924 605 2992 117
624 2922 718 2977 malim
736 2938 838 2976 nomen
852 2924 896 2976 est
910 2920 964 2974 sibi
978 2924 987 2990 fl
1003 2928 1034 2975 11
1053 2939 1110 2976 oar·

97 2990 192 3046 nalem
214 3023 250 3031 -
277 2994 420 3048 terrenum
447 2993 640 3062 Wopkesse'us:
667 2995 809 3047 terrenum
832 3023 867 3033 -
895 2992 1037 3047 carnalem
1061 2999 1081 3045 P
1102 2992 1111 3064 ll

100 3069 132 3118 12
152 3061 294 3133 intellegis
312 3070 344 3132 P,
368 3080 437 3119 corr.
458 3066 485 3119 I.
506 3066 533 3120 I.
554 3064 754 3119 Oormtissesss
776 3068 785 3135 11
810 3070 843 3118 14
862 3063 998 3146 omnium]
1018 3065 1111 3119 mutim

100 3151 274 3190 communem
297 3137 302 3202 Ι
325 3136 360 3189 de
378 3135 454 3190 histo
472 3137 502 3204 (h
521 3140 611 3203 erosa)
629 3141 662 3203 P;
681 3154 719 3190 aa
738 3136 773 3191 de
792 3137 819 3190 h·
839 3137 884 3203 (=
902 3135 967 3203 hoo)
986 3153 1050 3205 ipso
1069 3135 1084 3189 ,9
1104 3135 1108 3206 Ι

99 3207 165 3261 audi
179 3206 328 3261 Vosets'us:
343 3207 426 3261 audio
440 3207 576 3278 Pll15,16
592 3225 608 3261 o
623 3208 690 3262 deus
704 3209 804 3276 scripsi
817 3224 851 3262 (ω
861 3206 999 3277 Cypriani
1012 3223 1034 3261 e.
1046 3212 1071 3274 ὅ,
1082 3212 1110 3262 8:

99 3277 182 3332 deum
200 3284 220 3330 P
242 3280 252 3348 ss
276 3282 309 3332 16
332 3277 379 3331 dni
398 3293 479 3331 uerus
505 3295 574 3335 corr.
594 3280 626 3332 is
644 3278 695 3332 dns
714 3295 796 3333 uerus
817 3281 881 3347 (pro
900 3278 933 3331 ds
952 3280 1046 3346 uerus)
1065 3283 1085 3330 P
1101 3277 1104 3350 l

100 3354 133 3403 17
158 3348 212 3404 iste
230 3379 266 3388 -
284 3348 333 3418 an]
356 3349 450 3402 anatim
473 3350 548 3404 idem
567 3380 601 3390 -
621 3367 654 3404 ao
672 3351 780 3405 sublato
798 3350 989 3419 interrogandi
1006 3350 1085 3418 signo

100 3424 134 3473 20
154 3421 221 3475 audi
244 3420 372 3475 Ursinus:
391 3417 475 3473 audio
494 3423 584 3490 Pfl22
604 3420 747 3475 induxerit
764 3422 915 3476 Desistas:
934 3420 1048 3476 durent
1064 3425 1084 3472 P

100 3496 133 3544 23
154 3492 232 3547 Maro
251 3493 284 3546 de
301 3492 455 3560 qlossemate
471 3498 624 3559 suspectam
644 3491 829 3547 Oormlrsseao
847 3495 857 3562 ΙΙ
875 3497 909 3545 24
928 3493 963 3559 cs.
983 3492 1053 3547 Aes.

101 3567 153 3616 724
171 3579 226 3632 sqq.
245 3566 255 3633 ΙΙ
276 3569 309 3618 28
329 3562 388 3617 eius
406 3560 493 3616 uerba
516 3561 646 3619 Ursinus:
665 3563 740 3617 enim
758 3580 825 3617 uera
843 3569 863 3615 P
882 3562 920 3631 (ei
934 3578 987 3631 pro
1007 3562 1057 3632 si')
1075 3562 1108 3629 of.
