2378 3930
119 241 139 304 6
467 241 646 299 ΡΟΜΒΟΝΠ
662 239 788 296 manin

119 426 138 467 a
161 404 290 488 ceteris,
313 406 443 472 brevior
465 410 516 471 est
539 405 668 490 quidem
692 425 790 489 quam
812 403 952 488 Europe,
977 404 1053 488 quia
1075 424 1136 470 nec

118 514 256 576 usquam
273 494 372 559 Asiae
396 498 429 560 et
451 517 517 560 non
539 494 619 559 totis
643 493 740 558 huius
763 493 915 558 litoribus
938 492 1136 578 obtenditur,

118 581 248 666 longior
274 591 385 649 tamen
412 583 486 668 ipsa
513 604 611 670 quam
637 581 749 666 latior,
781 584 814 645 et
841 602 904 666 qua
932 581 972 646 ad
1001 582 1136 647 fluvium

119 669 260 754 adtingit
277 671 449 757 latissima,
472 675 571 758 utque
589 670 664 736 inde
686 669 832 754 procedit
853 670 902 735 ita
919 670 1026 735 media
1043 692 1136 754 prae-

117 779 379 932 titulat}
405 780 581 934 ttltl?
603 758 946 931 t‘tttf‘tat
974 778 1175 931 {titt

65 950 97 998 21
118 935 288 1000 adductior
301 937 358 1001 ubi
376 937 489 1003 finitur
506 938 554 1002 ibi
568 937 708 1001 maxime
727 939 868 1021 angusta
882 939 940 1001 est.
977 940 1136 1021 quantum

117 1024 272 1089 incolitur
303 1025 419 1091 eximie
450 1025 584 1110 fertilis,
616 1046 729 1090 verum
758 1024 844 1109 quod
875 1025 1033 1109 pleraque
1066 1026 1135 1090 eius

117 1112 241 1177 inculta
264 1117 297 1178 et
320 1117 377 1178 aut
399 1115 531 1180 harenis
555 1113 721 1180 sterilibus
741 1112 881 1178 obducta
905 1117 961 1178 aut
984 1114 1026 1178 ob
1046 1113 1136 1180 sitim

118 1200 201 1265 caeli
224 1204 447 1287 terrarumque
472 1203 599 1268 deserta
622 1204 699 1267 sunt
726 1205 784 1266 aut
810 1200 1006 1267 infestantur
1029 1203 1176 1268 multon

119 1310 156 1353 ac
179 1290 327 1356 malefico
351 1311 468 1377 genere
492 1291 690 1375 animalium,
713 1293 808 1355 vasta
831 1295 882 1356 est
905 1291 1012 1375 magis
1037 1313 1135 1375 quam

117 1377 278 1461 frequens.
323 1401 421 1445 mare
437 1402 501 1464 quo
522 1380 666 1465 cingitur
689 1401 708 1444 a
727 1380 949 1464 septentrione
967 1378 1136 1464 Libycum,

118 1487 138 1529 a
164 1465 298 1533 meridie
325 1467 568 1553 Aethiopicum,
596 1469 637 1533 ab
666 1467 830 1532 occidente
852 1468 1060 1534 Atlanticum
1089 1469 1136 1533 di·

65 1569 98 1618 an
118 1555 229 1620 cimus.
273 1555 308 1619 in
332 1578 370 1622 ea
387 1562 480 1641 parte
504 1578 586 1643 quae
604 1556 728 1639 Libyco
747 1556 875 1623 adiacet
891 1557 1041 1641 proxima
1057 1555 1135 1622 Nilo

117 1644 285 1726 provincia
298 1667 396 1730 quam
411 1644 554 1730 Cyrenas
568 1649 699 1730 vocant3
720 1645 796 1710 dein
809 1646 861 1711 cui
874 1645 975 1711 totius
989 1645 1134 1731 regionis
1151 1665 1176 1705 1⁶

118 1733 276 1798 vocabulo
291 1753 471 1818 cognomen
484 1734 623 1799 inditum
639 1737 689 1799 est
703 1731 825 1798 Africa.
853 1737 960 1799 cetera
973 1732 1136 1800 Numidae

118 1825 151 1884 et
173 1819 280 1886 Mauri
303 1826 428 1908 tenent,
452 1823 508 1888 sed
530 1822 638 1888 Mauri
661 1823 746 1887 etin
770 1823 970 1887 Atlanticum
999 1822 1135 1907 pelagus

118 1912 401 2084 fetialia
415 1909 1136 2085 illita⁵llle⁰ifl3fflnlttf¹lutl

117 2088 285 2154 meridiem
312 2093 564 2174 spectatusque
592 2089 626 2154 in
654 2087 752 2154 Asiae
785 2088 925 2153 confinia
957 2088 1135 2173 possident.
1150 2107 1176 2147 ro

64 2180 152 2240 aaut
176 2198 334 2260 superea
362 2200 444 2262 quae
466 2178 591 2262 Libyco
619 2176 704 2243 mari
733 2176 909 2242 adluuntur
931 2175 1049 2259 Libyes
1074 2175 1138 2241 Ae-

120 2265 224 2350 gyptii
248 2268 324 2329 sunt
347 2270 380 2331 et
398 2265 675 2350 Leucoaethiopes
698 2268 732 2330 et
748 2265 840 2330 natio
858 2265 1008 2346 frequens
1028 2264 1139 2330 multi·

117 2353 257 2436 plexque
289 2351 431 2419 Gaetuli.
482 2354 598 2421 deinde
629 2354 696 2420 late
728 2356 825 2419 vacat
855 2352 946 2436 regio
978 2356 1136 2437 perpetuo

118 2445 226 2505 tractu
258 2442 494 2508 inhabitabilis.
547 2447 619 2508 tum
650 2443 774 2526 primos
807 2441 848 2506 ab
881 2440 1004 2505 oriente
1035 2440 1136 2507 Gara-

118 2533 260 2613 mantas,
292 2534 369 2614 post
395 2530 534 2617 Augilas
563 2535 595 2597 et
624 2529 845 2616 Trogodytas,
877 2531 910 2592 et
932 2529 1066 2595 ultimos
1095 2531 1137 2595 ad
1152 2550 1179 2591 rs

118 2638 269 2682 occasum
301 2618 454 2686 Atlantas
487 2620 646 2686 audimus.
695 2619 797 2701 intra,
829 2618 858 2682 si
891 2617 1018 2683 credere
1045 2618 1138 2702 libet,

119 2706 173 2770 vix
209 2707 276 2772 iam
312 2707 461 2773 homines
498 2709 666 2794 magisque
702 2706 846 2772 semiferi
881 2705 1066 2792 Aegipanes
1104 2711 1138 2772 et

117 2794 268 2878 Blemyes
288 2799 321 2861 et
339 2795 600 2881 Gamphasantes
616 2800 653 2862 'et
666 2794 776 2880 Satyri
795 2794 865 2861 sine
883 2795 978 2860 tectis
997 2816 1035 2860 ac
1054 2794 1137 2861 sedi-

118 2883 179 2947 bus
203 2884 326 2968 passim
349 2886 426 2972 vagi
447 2884 570 2950 habent
591 2886 702 2969 potius
725 2888 831 2949 terras
855 2899 953 2968 quam
975 2883 1136 2949 habitant.

117 3168 176 3219 eam
187 3094 537 3220 {statiani}
555 3093 601 3221 Αἱ.
617 3101 675 3240 017)
685 3094 829 3237 tlttll
842 3090 1136 3235 &almitiem

118 3223 164 3290 As
192 3224 198 3236 ’
232 3242 273 3293 14.
290 3235 392 3318 inille
413 3236 441 3290 A
460 3235 567 3318 Nilos
640 3243 682 3293 17.
702 3239 732 3293 et
745 3235 919 3320 postlliauri
937 3236 1008 3318 artat
1025 3224 1138 3318 Vernus

173 3307 363 3362 athlantrcum
381 3308 422 3360 A¹
441 3306 610 3362 atlanticum
627 3307 669 3362 A¹
742 3315 783 3365 18.
798 3309 916 3378 argutae
930 3306 958 3361 A
971 3304 1010 3360 Νι
1055 3307 1102 3360 tae
1116 3323 1138 3360 or

170 3376 274 3432 cernaii
286 3380 314 3432 A
327 3376 486 3434 Pharusiio
542 3385 583 3435 19.
599 3377 766 3450 aethiophas
780 3377 821 3432 A¹
835 3377 982 3448 aethiopas
1028 3378 1039 3410 ²
1093 3382 1136 3432 21.

120 3450 273 3504 abluuntur
294 3448 322 3502 A
340 3448 493 3502 adluuntur
510 3466 527 3504 v
581 3449 698 3521 aegypti
716 3451 744 3504 A
815 3455 858 3504 23.
877 3448 970 3520 getuli
992 3448 1020 3503 A
1092 3453 1136 3503 Μ.

118 3521 297 3591 gamarantas
317 3519 358 3574 A²
376 3521 556 3590 gammantas
571 3521 613 3577 A⁸
684 3526 727 3576 28.
742 3521 949 3591 gampasamtes
963 3520 992 3574 A
