2378 3930
386 209 567 268 ofloaoen.
587 206 614 265 11
634 218 648 268 1
668 213 759 283 (a-s)
1039 196 1083 276 29

60 373 190 440 modice
207 373 368 459 paulatim
383 394 418 439 se
436 373 514 458 ipsa·
523 373 671 459 fastigat,
689 374 830 458 etquasi
848 375 883 438 in
896 378 1089 439 mucronem

63 465 165 549 longa
197 463 354 547 colligens
386 463 491 528 latera
520 463 605 528 facie
632 463 732 546 positi
761 462 847 527 ensis
874 462 1002 528 adfecta
1026 466 1084 528 est.

64 549 214 619 Achilles
240 551 361 616 infesta
388 551 492 618 classe
520 573 610 617 mare
638 549 810 616 Ponticum
841 551 1009 636 ingressam
1038 552 1085 617 ibi

63 640 190 706 ludicro
222 640 399 705 certamine
431 641 612 707 celebrasse
644 639 827 724 victoriam,
864 644 897 703 et
923 659 1007 705 cum
1043 640 1084 706 ab

38 730 180 795 sarmis'
207 730 299 813 quies
341 732 412 794 erat
453 751 487 794 se
525 751 562 794 ac
603 749 679 794 euos
721 749 816 794 cursu
849 729 1085 794 exercitasisse

64 822 275 885 memoratur.
325 817 398 882 ideo
427 817 514 884 dicta
542 821 593 882 est
620 814 761 882 Dromos
790 815 979 882 Achilleos
1012 820 1120 883 tume

65 906 292 992 Borysthenes
308 910 441 992 gentem
460 907 510 972 sui
527 906 670 972 nominis
690 906 803 989 adluit,
825 906 912 971 inter
931 903 1085 989 Scythiae

66 1017 178 1063 amnes
208 995 471 1081 amoenissimus,
498 995 639 1061 turbidis
668 994 742 1060 aliis
769 993 1006 1079 liquidissimus
1033 993 1085 1058 de·

66 1084 154 1168 fluit,
185 1083 344 1168 placidior
375 1106 475 1168 quam
506 1084 606 1150 ceteri
637 1084 808 1167 potarique
839 1082 1086 1168 pulcherrimus.

31 1173 129 1239 soalit
162 1172 344 1238 laetissima
375 1173 496 1255 pabula
527 1192 728 1257 magnosque
761 1172 867 1255 pisces
904 1172 1020 1255 quibus
1053 1175 1087 1236 et

67 1263 212 1347 optimus
255 1283 352 1346 sapor
388 1267 421 1326 et
461 1262 554 1327 nulla
589 1283 665 1326 ossa
707 1264 792 1326 sunt.
849 1260 948 1345 longe
987 1261 1087 1344 venit,

67 1351 256 1435 ignotisque
284 1354 376 1428 ortus
400 1372 417 1414 e
440 1350 600 1433 fontibus,
629 1349 848 1435 quadraginta
870 1349 996 1414 dierum
1023 1350 1087 1414 iter

67 1440 162 1506 alveo
191 1439 339 1524 stringit,
367 1442 523 1523 tantoque
552 1439 659 1523 spatio
686 1438 885 1522 navigabilis
911 1437 1086 1502 secundum

67 1527 345 1613 Borysthenidam
374 1532 408 1593 et
435 1527 570 1612 Olbian,
600 1526 724 1592 Graeca
747 1526 883 1611 oppida,
916 1527 1087 1610 egreditur.

31 1637 54 1678 ts
67 1614 270 1703 Callippidas
288 1615 438 1701 Hypanis
461 1616 608 1681 includit,
654 1637 693 1679 ex
712 1615 828 1700 grandi
847 1615 966 1698 palude
984 1616 1088 1679 oritur
1107 1631 1122 1681 ‘1

68 1727 167 1790 quam
198 1709 339 1771 matrem
367 1706 435 1771 eius
465 1705 594 1801 accolae
622 1704 805 1788 appellant,
838 1707 871 1768 et
897 1703 953 1768 diu
980 1703 1087 1788 qualis

66 1799 165 1859 natus
190 1799 241 1859 est
260 1793 381 1860 defluit.
427 1794 559 1860 tandem
582 1815 650 1858 non
667 1794 765 1878 longe
786 1815 805 1857 a
823 1793 908 1857 meri
928 1813 1087 1876 expanso

66 1882 161 1948 fonte
180 1883 233 1948 oui
250 1882 439 1968 Exampaeo
459 1902 639 1966 cognomen
663 1885 714 1961 est
734 1881 813 1946 adeo
838 1902 966 1946 amaras
986 1903 1087 1964 aquas

68 1971 197 2056 accipit,
216 1975 253 2036 ut
271 1971 342 2056 ipse
362 1992 488 2056 quoque
507 1971 574 2036 iam
593 1971 643 2035 sui
662 1969 833 2035 dissimilis
848 1972 881 2034 et
898 1990 965 2032 non
984 1967 1088 2033 dulcis

28 2079 55 2121 ao
68 2059 148 2126 hinc
166 2059 294 2125 defluat.
331 2060 466 2125 Asiaces
485 2059 652 2143 proximus
672 2058 758 2122 inter
776 2055 977 2140 Callippidas
995 2054 1089 2121 Asia·

68 2170 188 2234 casque
202 2148 374 2214 descendit.
411 2149 472 2214 hos
493 2149 534 2213 ab
548 2146 703 2212 Histricis
718 2146 805 2230 'lyra
819 2148 962 2229 separat,
981 2144 1090 2229 surgit

67 2237 103 2302 iu
129 2236 264 2323 Neuris,
296 2260 361 2322 qua
393 2236 462 2302 exit
494 2237 545 2302 sui
576 2235 717 2301 nominis
751 2234 905 2318 oppidum
938 2233 1089 2319 adtingit.

69 2331 105 2391 at
132 2325 190 2391 ille
227 2327 282 2411 qui
310 2324 464 2410 Scythiae
492 2325 630 2410 populos
660 2347 680 2388 a
713 2323 924 2408 sequentibus
953 2322 1123 2407 dirimas

69 2415 195 2498 apertis
210 2415 244 2479 in
260 2414 437 2480 Germania
450 2414 605 2497 fontibus,
625 2413 691 2478 alio
707 2435 805 2498 quam
824 2411 943 2476 desinit
956 2411 1089 2477 nomine

26 2521 55 2563 as
69 2503 223 2569 exoritur.
268 2525 346 2568 nam
371 2525 431 2587 per
457 2502 615 2568 immania
641 2521 831 2586 magnarum
858 2500 1007 2586 gentium
1034 2500 1089 2563 diu

67 2591 241 2664 Danuvius
264 2596 323 2676 est,
346 2590 460 2657 deinde
485 2591 582 2656 aliter
604 2611 678 2655 eum
702 2587 944 2674 adpellentibus
968 2587 1088 2653 accolis

68 2680 109 2744 fit
136 2679 264 2765 Hister,
292 2681 499 2765 acceptisque
528 2679 655 2764 aliquot
682 2678 846 2761 amnibus,
873 2677 994 2760 ,ingens
1022 2677 1088 2741 iam

70 2775 105 2834 et
128 2791 240 2834 eorum
264 2770 320 2853 qui
342 2769 377 2833 iu
395 2768 554 2834 Nostrum
576 2789 665 2832 mare
688 2766 840 2831 decidunt
861 2769 992 2830 tantum
1010 2764 1088 2830 Nilo

71 2857 193 2942 minor,
220 2858 358 2922 totidem
386 2861 466 2941 quot
488 2856 546 2922 ills
575 2855 682 2940 ostiis,
713 2854 769 2919 sed
792 2854 897 2919 tribus
926 2853 1090 2936 tenuibus,

29 2965 56 3006 so
70 2946 207 3030 reliquis
230 2946 473 3030 navigabilibus
498 2945 612 3010 effluit.
657 2943 791 3030 ingenia
814 2943 984 3027 cultusque
1010 2957 1120 3028 gen-s

143 3128 168 3175 2.
184 3120 296 3174 adlecta
305 3120 460 3177 A¹allecta
469 3119 510 3173 A²
520 3117 633 3173 adfecta
641 3118 769 3173 Boreion
819 3124 842 3173 7.
858 3114 1092 3170 adluitA¹alluit

70 3189 113 3245 A'
172 3198 196 3247 8.
215 3190 369 3263 turbidissss
381 3191 409 3244 A
470 3197 510 3246 10.
529 3189 684 3244 laetissime
707 3188 736 3242 A
794 3193 836 3244 15.
855 3185 942 3258 gaudi
961 3186 988 3240 A
1049 3192 1090 3242 1⁷.

69 3263 183 3317 tantum
195 3264 223 3316 A
238 3262 353 3316 tandem
366 3279 387 3317 x
452 3267 492 3316 18.
508 3260 663 3348 examphpo
678 3259 706 3313 A
719 3258 879 3328 Exampaeo
893 3257 921 3314 J.
937 3257 1093 3314 Gronooim

127 3357 170 3406 21.
186 3350 349 3406 descaendit
363 3350 391 3405 A
439 3366 509 3420 pyra
522 3349 550 3403 A
565 3351 669 3418 Tyr'ac
719 3355 767 3416 22.
783 3347 907 3418 adtingit
920 3346 961 3401 A¹
975 3343 1093 3413 attingit

72 3420 115 3475 A*
178 3429 220 3478 26.
240 3421 377 3476 danubius
395 3422 424 3475 A
441 3421 585 3476 Danuvius
604 3422 703 3491 scripsi
756 3417 966 3491 adpellentibus
985 3416 1092 3484 A1ap-

72 3493 246 3563 pellentibus
265 3493 306 3547 Α*
378 3499 420 3547 27.
441 3491 551 3561 aliquot
567 3492 609 3551 A¹
627 3509 696 3548 corr.
769 3497 812 3546 29.
832 3492 901 3559 quot
919 3488 960 3542 A¹
979 3503 1047 3544 corr.
