2378 3930
359 229 527 286 EDITORIS
545 228 759 285 PRAEFATIO.
1003 229 1068 284 XIX

55 374 255 442 contendunt
269 374 363 459 docti,
380 373 576 460 ‘obiurgare'
591 375 644 439 hic
659 375 700 440 ad
715 375 960 440 similitudinem
975 377 1067 441 uerbi

55 462 216 550 ‘arguere'
236 464 455 548 similiumque
475 486 548 530 curn
567 464 718 549 genetiuo
739 464 898 550 coniungi.
930 486 990 530 nec
1008 474 1066 550 per

54 575 88 618 se
118 553 211 618 credo
235 574 294 618 nec
317 557 505 638 propterea,
533 553 619 638 quod
641 551 819 617 Minucium
843 551 966 617 maiore
992 553 1067 618 scri·

55 641 162 706 bendi·
179 642 297 725 peritia
324 664 418 706 usum
445 662 514 706 esse
537 644 616 725 puto
640 663 737 726 quam
760 646 798 706 91
819 642 997 724 praemisso
1021 641 1067 706 ‘in

54 730 100 794 te’
124 735 240 814 postea
261 727 317 794 ‘te'
337 729 552 813 supplendum
571 730 768 814 relinqueret
785 728 971 814 lectoribus,
995 751 1067 794 cum

53 822 166 902 posset
199 819 354 884 concinne
386 819 465 902 poni
497 817 578 902 ‘qua
610 822 643 882 te
679 819 826 884 inuectus
861 817 1067 903 obiurgauit’.

55 910 162 972 ortum
191 907 293 993 igitur
320 907 401 970 mihi
428 906 557 971 uidetur
585 905 834 993 ‘neglegentiae'
858 929 896 971 ex
920 927 957 972 9ο
981 906 1066 991 quod

57 997 203 1082 sequitur
227 994 389 1082 ‘argueret
412 994 627 1060 inscientiae':
651 996 890 1060 adsimilatione
914 995 1066 1079 depulsus

56 1088 106 1148 est
134 1084 348 1150 accusatiuus.
391 1086 477 1149 recte
506 1084 571 1149 iam
600 1082 645 1148 ‘in
673 1083 718 1149 te'
741 1087 809 1149 tam
833 1083 873 1148 ad
897 1082 1066 1149 ‘inuectus'

54 1195 151 1257 quam
169 1173 209 1237 ad
229 1172 428 1257 ‘obiurgauit
446 1171 700 1258 neglegentiam’
720 1175 856 1256 spectat:
878 1170 1013 1257 ‘aliquid
1032 1173 1066 1237 in

55 1262 163 1347 aliquo
188 1259 371 1347 obiurgare'
398 1262 536 1327 latinum
562 1265 620 1326 est.

120 1371 145 1415 c.
174 1350 210 1434 4,
233 1352 256 1415 4
282 1352 319 1416 de
345 1356 405 1417 toto
432 1352 548 1434 tntqno
574 1349 653 1415 milti
679 1370 748 1415 cnm
777 1348 905 1416 Ootonn‘o
936 1369 985 1415 ree
1015 1354 1067 1418 ast.

54 1444 141 1504 recte
177 1438 347 1524 adnotant,
375 1439 454 1504 illud
483 1437 534 1503 ‘de
561 1437 644 1504 toto'
674 1435 770 1524 (quae
798 1442 883 1503 certe
910 1458 977 1503 non
1004 1438 1067 1503 fuit

54 1527 176 1592 locutio
210 1526 421 1610 aduerbialis)
453 1531 641 1611 comparato
673 1527 747 1593 loco
776 1548 801 1591 c.
828 1527 930 1610 40,2
958 1527 1066 1592 ualere

54 1615 164 1700 ‘super
192 1617 263 1679 tota
289 1614 346 1699 re',
373 1617 441 1681 scil.
465 1616 503 1680 de
526 1613 778 1680 christianorum
801 1635 1066 1700 paganorumque

53 1703 223 1789 religione.
260 1703 315 1769 sed
340 1702 381 1768 ad
403 1704 466 1769 hoc
489 1703 541 1769 ‘de
562 1702 646 1770 toto'
666 1705 826 1788 quomodo
846 1705 915 1769 siue
932 1727 991 1789 per
1010 1703 1065 1768 ‘et'

54 1791 154 1878 (quod
185 1792 297 1857 intulit
323 1791 465 1857 Parisini
491 1815 533 1859 m.
556 1793 578 1859 2
605 1789 846 1879 interpolatrix)
874 1792 942 1858 siue
971 1815 1064 1877 asyn-

54 1881 157 1945 detice
183 1881 334 1946 accedere
357 1881 463 1966 possit
490 1879 652 1967 ‘integro'‚
674 1885 782 1946 mente
806 1902 870 1946 non
898 1881 1065 1965 adsequor.

53 1992 128 2034 nam
157 1991 262 2054 neque
291 1968 478 2056 ‘integrum'
507 1971 711 2036 substantiue
740 1969 871 2053 ponitur
898 1973 930 2034 et
953 1970 1064 2036 dictio·

51 2059 102 2123 nis
130 2057 184 2123 ‘de
213 2058 354 2144 integro'
382 2059 491 2124 nullus
513 2059 567 2124 hic
589 2080 666 2124 usus
690 2061 749 2123 eat.
795 2059 846 2124 sin
869 2080 993 2124 merum
1017 2063 1066 2147 est

52 2147 263 2231 adiectiuum,
297 2147 360 2213 hoc
393 2146 432 2212 ad
465 2148 603 2212 alterum
637 2146 831 2212 adiectiuum
860 2147 1064 2213 substantiue

51 2236 193 2318 positum
222 2257 287 2301 non
316 2234 402 2300 nude
428 2239 537 2320 potest
561 2235 703 2320 adiungi.
749 2235 887 2320 legimus
911 2257 989 2321 ergo
1014 2235 1064 2300 ‘de

51 2327 122 2388 toto
152 2328 189 2388 ut
211 2322 361 2410 integro,
389 2324 451 2389 hoc
474 2328 537 2388 est:
566 2325 604 2388 (19
628 2327 699 2388 1919
721 2345 756 2388 re
779 2329 894 2408 utpote
919 2324 1064 2389 nondum

52 2411 226 2477 diiudicata
250 2435 397 2498 quaeque
421 2412 524 2478 adhuc
547 2412 582 2476 in
606 2412 782 2479 certamine
807 2413 859 2478 sit

116 2501 193 2566 ibid.
218 2503 367 2586 intellcpet
386 2502 515 2582 facilins
536 2521 598 2567 esse
619 2503 655 2567 in
675 2502 942 2568 contubernalibus
960 2503 1063 2584 dispo*

51 2594 116 2655 tore
147 2611 240 2671 qnam
272 2611 423 2658 conserere
454 2591 649 2674 sapientium.
699 2611 795 2673 saepe
823 2590 961 2654 miratus
989 2613 1060 2655 sum

50 2699 160 2742 eornm
192 2681 423 2764 temeritatem,
457 2679 513 2764 qui
546 2683 744 2763 attemptarit
776 2678 941 2763 egregiam
975 2679 1061 2743 locu·

49 2767 171 2831 tionem
205 2765 385 2834 ‘conserere
413 2766 630 2852 sapientiam’.
681 2789 757 2831 nam
791 2766 1060 2851 quemadmodum

48 2853 160 2919 Liuius
180 2853 376 2941 (XX11,2)
401 2857 576 2923 secundum
600 2859 750 2922 notarum
775 2855 954 2921 dictionum
974 2856 1062 2920 simi·

48 2943 219 3007 litudinem
244 2946 375 3029 scripsit
396 2944 483 3011 hond
502 2947 625 3029 ipnotoe
647 2944 717 3010 belli
740 2949 822 3010 ortos
844 2946 925 3009 inter
943 2965 974 3010 99
991 2966 1062 3010 con

49 3032 188 3098 emebant
210 3030 257 3120 (id
277 3038 337 3117 est,
359 3034 523 3118 utrimque
541 3036 575 3098 in
595 3055 738 3118 pugnam
758 3031 992 3118 proferebant),
1017 3035 1062 3098 919

48 3125 162 3186 nostro
186 3122 259 3186 loco
281 3121 460 3186 ‘conserere
483 3121 692 3206 sapientiam’
711 3122 779 3186 fere
797 3122 886 3187 ualet
905 3121 1060 3206 ‘philoso-

48 3209 174 3294 phiam,
207 3232 288 3295 quae
315 3211 406 3275 litem
436 3210 601 3295 diiudicet,
634 3211 796 3294 utrimque
824 3210 999 3294 producere
1027 3211 1061 3275 in

50 3298 173 3362 aciem'.
211 3301 295 3384 qnod
319 3303 356 3363 ut
380 3304 526 3383 apertum
550 3304 608 3382 991,
632 3299 681 3363 119
705 3321 782 3363 9999
805 3300 878 3383 ipsa
897 3299 1060 3382 oppositio

50 3387 196 3467 obscura,
220 3388 376 3473 siquidem
402 3387 582 3453 ‘conserere
604 3387 811 3471 sapientiem'
830 3388 915 3451 nihil
935 3388 1020 3450 aliud
1041 3409 1060 3450 a

51 3477 213 3540 sententia
237 3481 287 3542 est
310 3498 405 3562 quam
430 3475 633 3565 ‘disputare'.
670 3476 791 3562 quotsi
808 3496 911 3538 ueras
928 3475 1077 3550 9999999-

44 3564 127 3625 tr'onr'
154 3565 408 3652 philosophicae
442 3567 498 3636 hic
529 3569 609 3636 leue
638 3569 676 3633 et
702 3565 881 3632 a‘oiectum
905 3550 1109 3702 {summit
