2378 3930
362 194 544 252 cfloaoen.
564 197 603 251 111
621 201 645 251 s.
665 202 682 251 e
701 197 830 269 (as-sa)
1058 196 1101 262 67

82 361 252 446 litoribus,
277 358 397 427 Gallici
422 358 566 425 numinis
593 358 724 425 oraculo
751 358 890 444 insignis
918 363 982 438 est,
1012 360 1102 425 euius

83 448 253 517 antistites
274 450 434 533 perpetua
455 447 647 532 virginitate
670 450 801 513 sanctae
828 469 963 514 numero
985 469 1102 515 novem
1135 454 1146 465 '

82 559 154 604 esse
177 537 364 603 amunta:
392 535 577 601 (lallineuas
599 539 734 620 vocant,
758 540 939 621 putantque
961 537 1102 621 ingeniis

83 626 308 712 singularibus
330 624 495 710 praeditas
518 624 624 690 maria
646 646 683 691 ac
707 628 823 690 ventos
851 625 1013 691 concitare
1036 647 1103 691 ean

54 715 239 799 minibus,
259 736 357 800 seque
375 713 412 778 in
429 735 512 797 quae
530 714 635 779 velint
657 713 814 779 animalia
832 717 968 798 vertere,
988 736 1103 781 sanare

80 824 167 888 quae
198 802 285 886 apud
317 802 400 869 alios
432 802 630 869 insanabilia
662 805 753 885 sunt,
786 802 870 868 scire
901 807 1039 868 ventura
1070 807 1104 869 et

80 890 286 976 praedicare,
309 891 365 957 sed
386 891 519 958 nonnisi
541 891 666 957 deditas
688 891 933 976 navigantibus,
956 895 989 957 et
1012 892 1046 956 in
1069 891 1103 957 id

80 984 214 1047 tantum
236 981 276 1045 ut
297 1001 333 1046 se
355 979 563 1046 consulerent
584 979 747 1064 profectis.
792 979 966 1045 Britannia
994 980 1101 1082 qualis
1119 995 1154 1046 49

82 1069 128 1135 sit
156 1069 333 1154 qualesque
360 1073 558 1154 progeneret
583 1089 661 1134 mox
688 1068 827 1134 certiora
856 1072 888 1134 et
916 1069 1021 1154 magis
1049 1090 1101 1132 ex-

41 1175 69 1216 1⁰
81 1158 213 1242 plorata
235 1156 391 1223 dieantur
436 1157 556 1241 quippe
580 1155 703 1222 tamdm
727 1158 873 1222 clausam
901 1158 1007 1241 aperit
1029 1177 1102 1223 ecce

79 1245 266 1330 principum
292 1245 468 1330 maximus,
494 1266 555 1310 nec
582 1244 813 1310 indomitarum
840 1245 937 1311 modo
967 1249 1101 1311 antaee

79 1355 194 1400 verum
217 1334 405 1420 ignotarum
429 1354 556 1418 queque
580 1333 728 1417 gentium
750 1334 866 1418 viator,
894 1335 1101 1419 propriarum

78 1444 192 1488 rerum
213 1422 311 1488 fidem
335 1426 371 1488 ut
392 1421 480 1487 bello
505 1421 601 1487 effect
586 1422 679 1505 tavit,
700 1423 749 1488 ita
770 1422 937 1506 triumphe
961 1422 1102 1488 deelara-

78 1516 176 1577 turus
189 1515 311 1595 portat.
346 1514 490 1576 aeterum
507 1513 545 1575 ut
559 1509 663 1577 adhue
676 1510 850 1575 habuimus
869 1511 956 1576 inter
975 1515 1100 1594 septen·
1119 1526 1154 1576 50

39 1600 225 1666 unionem
252 1599 513 1684 occidentemque
540 1600 687 1682 proiecta
713 1599 828 1684 grandi
851 1600 972 1684 angulo
994 1598 1101 1664 Rheni

78 1688 167 1755 ostia
197 1687 368 1772 prospicit,
400 1687 475 1752 dein
508 1686 642 1772 obliqua
673 1691 723 1752 ret
723 1709 761 1753 10
793 1688 897 1754 latera
930 1687 1100 1773 abstrahit,

78 1776 187 1842 altero
206 1775 348 1842 Galliam
366 1775 469 1841 altero
489 1773 698 1842 Germaniam
718 1780 877 1860 spectans,
899 1780 970 1842 tum
989 1798 1100 1841 rursus

77 1863 698 2054 libripubluosemibrgllllerbllgcbngblobbs
720 1864 1101 2036 cqqeaqrgqriquqqqueet

40 2058 68 2101 ¹⁰
81 2040 216 2109 Siciliae
233 2041 375 2106 maxime
394 2041 521 2124 similis,
543 2041 683 2125 plana,
673 2060 799 2125 ingene,
816 2039 963 2122 fecunda,
987 2061 1098 2104 verum

79 2130 124 2197 iis
147 2150 231 2213 quae
252 2150 371 2212 pecora
393 2151 493 2214 quam
520 2129 669 2194 homiues
692 2128 863 2214 benignius
891 2127 990 2193 alant
1035 2127 1100 2193 fert
1118 2142 1152 2192 51

77 2239 217 2285 nemora
248 2218 430 2303 saltusque,
463 2239 501 2283 au
532 2216 753 2303 praegrandia
783 2216 931 2300 flumina,
963 2216 1099 2284 alternis

78 2307 226 2373 motibus
244 2307 342 2373 modo
364 2307 400 2371 iu
417 2306 554 2391 pelagus
572 2307 669 2372 modo
691 2309 780 2372 retro
798 2305 934 2371 fluentia
952 2309 986 2370 et
1004 2328 1099 2390 quae-

79 2395 159 2461 dam
180 2415 325 2480 gemmas
348 2395 609 2479 margaritasque
632 2398 791 2479 generant
776 2395 833 2460 t.ia
878 2395 943 2460 fert
959 2396 1098 2479 populos

39 2498 67 2542 as
79 2503 240 2569 regesque
257 2482 467 2568 populorum,
491 2483 546 2548 sed
569 2487 646 2548 sunt
663 2484 778 2549 incult'
753 2487 781 2548 a
800 2505 922 2566 omnes,
945 2487 1043 2568 atque
1061 2486 1099 2549 ut

77 2572 211 2674 longius
234 2593 255 2636 a
277 2571 456 2638 continenti
484 2573 681 2637 absuntit1ta
704 2571 810 2656 magis
838 2570 977 2637 aliarum
999 2594 1099 2655 opum

78 2660 203 2746 ignari,
228 2663 358 2726 tantum
385 2681 502 2744 pecore
531 2682 569 2725 ae
595 2660 717 2726 finibus
744 2660 844 2744 dites,
870 2660 1032 2725 incertum
1055 2661 1096 2726 ob

78 2748 228 2815 decorem
254 2769 296 2812 an
319 2748 395 2832 quid
424 2747 512 2814 aliud
538 2748 623 2813 vitro
652 2769 790 2832 corpora
816 2747 937 2815 infecti.
982 2770 1096 2814 causas
1115 2763 1149 2814 ua

78 2842 193 2904 tamen
213 2837 373 2902 bellorum
396 2840 430 2901 et
451 2836 540 2901 bella
563 2836 826 2902 contrahentes
849 2859 884 2903 se
911 2837 1097 2920 frequenter

79 3015 198 3099 dieque
224 3035 263 3079 ea
289 2975 476 3096 prolatelndi
500 3034 582 3096 quae
614 3013 789 3095 possident.
841 3013 999 3080 dimicant
1030 2961 1097 3078 non

79 3103 229 3188 equitatu
251 3102 348 3169 modo
371 3106 428 3168 aut
449 3100 566 3186 pedite,
590 3123 703 3166 verum
726 3105 760 3166 et
782 3101 870 3187 bigis
894 3106 927 3166 et
949 3103 1096 3168 curribus

151 3338 177 3388 4.
200 3346 234 3385 ae
256 3331 298 3386 A¹
321 3345 389 3386 cerr.
472 3334 497 3385 5.
522 3343 608 3397 seque
630 3325 662 3381 in
683 3327 726 3384 Αι
748 3343 817 3385 corr.
900 3333 923 3384 τ.
948 3327 1046 3382 dedita
1067 3327 1095 3383 A

79 3401 191 3457 deditas
213 3401 326 3458 Vossius
384 3406 424 3455 17.
445 3399 595 3454 alte10A¹
614 3415 682 3456 cerr.
742 3404 784 3454 2⁶.
804 3401 889 3468 atque
908 3399 950 3454 A¹
967 3415 1035 3455 eurr.

79 3477 123 3528 28.
142 3471 219 3526 aliud
236 3473 281 3527 11¹
297 3489 363 3529 corr,
420 3470 495 3525 ultre
514 3472 542 3528 A
560 3468 674 3529 vitree
728 3474 775 3528 lb.
793 3469 837 3526 siu
858 3470 886 3526 A
902 3469 1108 3526 eePtutmnus

919 3558 958 3616 ff
