2378 3930
179 154 242 219 142
397 176 615 239 remansurum
636 176 868 221 smuesunmr.
949 154 1093 243 [111111]

243 306 292 371 14.
314 309 380 371 buo
401 308 464 371 bati
483 318 640 371 metretam
668 308 794 381 iaciunt,
824 308 905 387 quod
932 317 1004 372 sunt
1029 330 1094 373 sex·

175 412 243 471 tarii
266 410 297 473 C.

242 509 292 575 15.
314 514 414 575 [rnae
436 514 512 575 duae
534 513 707 591 amphoram
730 512 896 591 complent,
925 512 1006 593 quod
1028 520 1095 574 sunt

176 613 275 673 modia
297 616 368 686 tria,
393 614 471 692 quod
494 617 525 675 in
548 616 638 676 aridis
661 615 770 675 dieitur
791 614 888 694 aephi.

142 716 158 763 5
242 713 291 776 16.
315 716 413 777 L'rnae
435 724 496 777 tres
518 717 625 778 eadum
647 715 692 778 rel
714 715 848 778 artabam
869 715 994 787 iaciunt,
1017 716 1093 796 quod

176 824 244 877 sunt
265 818 363 878 modia
385 818 439 879 1111
461 828 491 879 et
513 820 611 879 semis.

242 918 291 980 11.
315 919 412 979 biodia
434 922 564 999 quinque
586 919 766 982 medimnam
787 921 907 980 iaciunt.

242 1017 291 1081 18.
315 1021 389 1081 Tres
412 1022 579 1081 niedimnae
601 1038 706 1098 gomor
729 1020 888 1101 complent.

241 1120 290 1183 19.
314 1122 377 1182 Duo
399 1140 505 1199 gomor
527 1123 652 1184 chorum
674 1122 812 1184 reddunt.

127 1224 158 1272 10
238 1221 291 1285 20.
315 1225 379 1284 Duo
403 1225 487 1284 chori
509 1223 674 1293 elmssenm,
699 1225 777 1302 quod
800 1231 869 1283 sunt
890 1225 991 1284 modia
1013 1224 1072 1285 LX.

176 1459 246 1523 140.
269 1461 487 1541 Fuuqmeotnm
498 1461 536 1520 de
543 1460 739 1541 ponderibus
751 1478 772 1520 a
783 1459 944 1522 Salmasio
957 1462 1090 1522 citatum.

239 1598 439 1670 Quadrantem
456 1597 586 1659 Hebraei
608 1606 711 1658 rorant
727 1598 884 1676 quadram,
908 1599 988 1677 quod
1007 1616 1091 1677 quar·

176 1708 235 1760 tam
257 1707 372 1777 partem
395 1702 501 1760 unciae
524 1700 679 1778 appendat.

203 1935 273 1998 141.
321 1935 414 1998 Celei
435 1939 539 1999 sermio
563 1936 742 1999 tabidorum
764 1934 1064 1997 Alexandrinarum.

126 2052 156 2100 15
506 2057 549 2119 (V.
569 2056 637 2120 prol.
657 2058 672 2117 ἓ
692 2054 761 2119 123.)

177 2189 396 2277 [Aphrieanus
431 2189 471 2252 de
504 2189 704 2252 medelarum
732 2188 934 2273 ponderibus
963 2211 1089 2253 mensu-

564 2289 697 2377 risque]

239 2410 266 2472 1.
291 2414 437 2484 Quoniam
460 2412 561 2473 multis
582 2415 611 2471 in
628 2412 700 2472 loeis
717 2413 753 2472 de
769 2410 950 2489 ponderibus
967 2420 996 2471 et
1010 2431 1089 2473 rnen·

173 2516 249 2575 suris
277 2516 458 2574 mentionem
486 2515 624 2583 ieronem,
653 2532 841 2575 commensus
875 2512 984 2573 horum
1008 2532 1091 2572 reros

123 2622 156 2671 20
174 2615 224 2677 hie
246 2616 397 2676 addendos
420 2634 484 2677 esso
507 2618 683 2695 putarimus,
708 2634 745 2674 ne
769 2616 833 2693 quis
856 2632 966 2693 anceps
989 2622 1017 2674 et
1032 2633 1090 2673 arn·

172 2718 278 2795 bigens
307 2718 490 2779 medelarum
521 2716 627 2777 auxilia
658 2737 693 2777 ex
718 2717 761 2776 his
785 2717 949 2776 constantia
974 2733 1091 2792 compo-

172 2821 286 2897 sitaque
309 2823 456 2898 vituperet
479 2828 507 2881 et
530 2821 658 2880 damnet.
704 2820 904 2879 necessarium
929 2834 1000 2894 ergo
1024 2817 1090 2877 duni

172 2921 352 2983 differentias
375 2923 482 2983 borum
505 2922 581 2982 inter
604 2939 682 2989 sese,
708 2920 873 2999 quibusque
889 2918 1032 2978 utendum
1048 2936 1089 2978 es·

172 3029 225 3093 set,
250 3022 418 3092 deela1·are;
444 3022 580 3104 plurimis
603 3024 747 3101 siquidem
769 3024 800 3082 in
823 3040 879 3082 usu
901 3027 970 3081 sunt
993 3028 1022 3081 et
1043 3023 1090 3081 At·

29 3106 32 3111 ’
121 3128 153 3177 25
172 3124 228 3184 tica
252 3132 281 3184 et
302 3125 410 3193 Italica,
434 3125 585 3186 nonnuliis
609 3143 677 3185 rero
702 3133 731 3185 et
753 3126 870 3204 Syriaca
894 3130 921 3183 et
938 3124 1090 3201 Aegyptia,

172 3243 247 3303 qnae
271 3233 299 3286 et
316 3226 495 3288 Ptolemaiou
519 3228 672 3287 dicuntur:
697 3245 772 3304 quae
794 3223 992 3305 comparanda
1015 3224 1091 3283 inter

172 3344 236 3387 sese
259 3335 288 3388 et
311 3329 490 3389 eonferenda
513 3336 590 3389 sunt.

172 3464 374 3473 ..ι-.-

236 3538 278 3592 11.
300 3538 332 3593 V.
351 3533 440 3605 praef.
