2378 3930
355 188 536 247 cflouoou.
557 190 639 251 1111.
659 197 675 249 e
695 193 822 262 (lt-19)
1051 191 1094 257 59

76 372 138 435 que
176 353 254 417 sunt
289 350 346 419 sed
383 372 519 435 quorum
554 353 690 419 nomina
724 358 837 421 nostro
875 376 929 419 ore
967 355 1094 438 concipi

75 444 249 523 nequeant
304 461 364 524 per
395 440 417 518 †
449 440 545 510 eundi
578 445 612 506 et
642 440 799 509 Salaenos
831 440 1000 528 Saunium,
1037 465 1094 526 per

73 526 275 613 Autrigones
299 532 333 594 et
354 527 609 614 Orgenomescos
627 528 794 598 Namnasa
818 530 993 615 descendit,
1017 532 1094 610 et†

75 614 218 687 Dosara
250 616 379 687 Tritino
411 616 564 685 Belluute
596 618 712 703 cingit,
745 622 777 683 et
808 618 944 685 Decium
975 619 1095 688 Aturia

49 702 206 773 usonem
231 701 337 773 Sauro
366 709 400 770 et
425 704 591 791 Magrada.
640 706 791 773 Vardulli
816 730 883 775 rma
910 729 990 793 gens
1018 709 1094 775 hinc

75 793 117 861 ad
139 792 302 895 Ryrenuei
328 793 399 879 iugi
425 795 687 878 promunturium
714 796 880 879 pertinens
909 796 1010 863 eludit
1037 796 1094 863 Hi-

72 903 321 1055 epamsoghustm
342 969 470 1041 Galliae
499 971 585 1039 latus
613 973 765 1055 alterum,
793 973 884 1039 cuius
907 994 965 1041 ora
987 974 1092 1056 primo
1113 954 1146 1080 ᾗ

73 1058 160 1129 nihil
185 1079 362 1149 progressa
392 1059 428 1126 in
460 1059 563 1129 ultum
594 1081 670 1128 mor
701 1061 893 1131 tantundem
925 1083 1027 1146 paene
1059 1063 1094 1128 in

35 1166 63 1210 ιο
74 1147 213 1232 pelagus
238 1149 392 1219 excedens
412 1151 570 1233 quantum
592 1152 680 1216 retro
699 1148 860 1234 Hispania
882 1151 1093 1234 abscesserat,

74 1232 281 1307 Cantabricis
299 1236 338 1302 fit
347 1237 486 1306 aduersa
504 1236 611 1320 terris,
629 1242 663 1303 et
681 1239 797 1321 grandi
816 1238 951 1306 circuitu
969 1239 1093 1305 addere

75 1323 119 1393 od
146 1324 347 1395 assidentem
374 1325 454 1391 litus
482 1324 632 1391 advertit.
680 1329 759 1393 tunc
786 1328 826 1394 ad
857 1325 1093 1412 septentriones

74 1434 234 1483 souuerse
255 1413 376 1479 iterum
395 1414 494 1498 longo
517 1416 670 1498 rectoque
692 1418 798 1481 tractu
817 1416 858 1483 ad
880 1417 968 1499 ripas
986 1415 1093 1481 Rheni

74 1501 182 1575 amnis
214 1502 416 1585 expanditur.
465 1507 553 1571 terra
586 1505 636 1567 est
668 1503 824 1571 frumenti
855 1504 1026 1589 praecipue
1056 1527 1093 1569 ac
1114 1521 1146 1571 1⁷

35 1588 190 1672 opabult
221 1589 313 1658 ferax
344 1594 378 1656 et
411 1612 548 1657 amoena
580 1592 662 1657 lucis
696 1592 891 1659 inmanibus.
943 1592 1093 1677 quicquid

75 1699 118 1743 ex
137 1677 223 1747 satis
244 1677 378 1763 frigoris
405 1679 580 1764 impatiens
604 1683 654 1746 est
677 1701 773 1766 aegre
800 1703 859 1746 nee
881 1680 1000 1764 ubique
1024 1681 1094 1765 alit,

76 1766 230 1851 salubris,
253 1770 286 1832 et
306 1767 406 1837 noxio
429 1789 548 1853 genere
568 1769 758 1835 animalium
781 1770 915 1835 minime
933 1768 1093 1855 frequens.

74 1858 192 1938 gentes
221 1856 384 1939 superbae
415 1857 662 1940 superstitiosae
694 1859 867 1942 aliquando
899 1858 999 1922 etiam
1035 1859 1094 1923 im·
1115 1875 1147 1924 18

73 1965 190 2011 manes
215 1942 294 2011 adeo
317 1948 354 2011 ut
375 1945 540 2014 hominem
560 1945 718 2029 optimam
741 1951 774 2010 et
792 1945 1014 2030 gratissimam
1032 1947 1093 2010 diis

35 2049 63 2098 eo
76 2032 247 2102 victimam
278 2033 455 2103 crederent
509 2038 642 2099 manent
678 2035 818 2118 vestigia
853 2033 994 2098 feritatis
1029 2033 1094 2097 iam

73 2119 232 2204 abolitae,
254 2125 353 2205 atque
376 2126 413 2189 ut
436 2123 477 2187 ab
500 2121 626 2187 ultimis
650 2121 801 2187 caedibus
824 2124 1024 2204 temperant,
1047 2121 1095 2185 ita

73 2208 300 2293 nihilomiuus,
322 2211 379 2281 ubi
401 2211 534 2279 devotos
554 2210 712 2281 altaribus
737 2211 916 2293 admovere,
939 2209 1094 2277 delibant.

72 2297 200 2369 habent
218 2300 329 2368 tamen
347 2303 380 2367 et
396 2298 582 2368 facundiam
601 2321 695 2365 suam
708 2299 950 2383 magistrosque
968 2299 1094 2384 sapien-

75 2386 145 2457 tiae
172 2385 313 2453 druidas.
362 2387 398 2453 hi
429 2390 537 2457 terrae
567 2387 742 2472 mundique
770 2387 1029 2474 magnitudinem
1061 2392 1094 2454 et
1114 2405 1146 2454 1e

36 2492 63 2535 se
76 2474 232 2559 formam,
259 2480 368 2557 motus
395 2475 478 2541 caeli
505 2498 544 2541 ac
571 2476 727 2561 siderum,
755 2481 787 2542 et
814 2476 891 2562 quid
918 2476 965 2542 dii
991 2477 1094 2541 velint

74 2562 159 2629 scire
191 2564 395 2648 profitentur.
446 2564 564 2633 docent
594 2566 699 2631 multa
729 2565 953 2631 nobilissimos
986 2565 1093 2649 gentis

76 2651 162 2723 olum
189 2656 223 2723 et
250 2651 320 2735 diu,
347 2652 469 2722 vicenis
497 2652 604 2736 annis,
630 2657 689 2719 aut
715 2653 751 2717 in
773 2675 871 2736 specu
899 2655 956 2719 aut
979 2653 1016 2717 in
1039 2652 1094 2718 ab·

76 2739 156 2809 cli-tis
175 2739 325 2809 saltibus.
360 2763 461 2806 unum
480 2762 519 2805 ex
537 2740 589 2805 his
608 2763 691 2825 quae
705 2741 908 2826 praecipiunt
925 2740 961 2804 in
974 2741 1093 2824 vulgus

148 2902 173 2951 3.
193 2893 353 2965 avamginos
372 2895 400 2949 A
423 2895 592 2966 Autrigones
610 2896 757 2953 Barbarus
811 2913 1047 2966 orgenomesqnos
1066 2896 1095 2950 A

78 2965 300 3036 Orgenomescos
323 2966 508 3023 AGroooeius
579 2974 604 3022 4.
624 2974 649 3022 5.
667 2969 750 3023 uerba
773 2967 887 3022 devales
906 2997 941 3008 -
959 2967 1094 3036 magrada

76 3053 179 3094 sanare
196 3039 350 3108 computrui
421 3044 446 3093 4.
465 3037 557 3097 sturia
575 3038 616 3091 A²
633 3040 751 3112 exeeptis
769 3040 868 3105 litteris
885 3037 928 3093 ria
947 3039 982 3093 o'n
1003 3040 1094 3108 spatio

76 3125 165 3171 eoam
219 3114 245 3163 o.
263 3107 399 3181 magrada
416 3106 547 3171 Vardulli
565 3125 620 3177 una
637 3107 678 3162 A*
693 3110 815 3179 receptis
833 3110 930 3181 domis
948 3125 1045 3183 magra
1063 3111 1094 3165 ιίι

76 3181 168 3248 spatio
188 3195 275 3243 nomeu
348 3185 374 3233 6.
391 3178 616 3253 promunturium
634 3179 675 3232 Α1
693 3179 920 3250 promuntorium
936 3178 977 3234 A'
1051 3186 1093 3236 15.

77 3247 236 3303 inmanibus
259 3248 301 3302 Αι
324 3247 492 3305 immanibus
515 3248 556 3304 A·
610 3248 745 3318 quioquid
767 3250 808 3303 Α1
831 3267 900 3306 corr.
978 3257 1020 3306 le.
1043 3250 1095 3303 im-

76 3319 189 3388 patiens
204 3319 245 3382 A'
264 3336 332 3379 corr.
388 3336 456 3389 ager
474 3320 502 3379 A
520 3336 640 3390 aegrae
712 3321 904 3376 toreumatis
927 3321 955 3375 A
973 3320 1094 3375 tentatis

81 3389 227 3451 Vernaus
312 3396 354 3449 21.
379 3391 463 3459 atque
491 3391 533 3445 A¹
560 3408 628 3448 corr.
710 3396 753 3446 Ἠ.
781 3392 899 3449 devotas
922 3392 951 3446 A
975 3392 1094 3447 devotos

81 3461 234 3516 Pintiuaos
307 3467 350 3515 24.
374 3459 486 3515 druidas
510 3461 552 3515 Α1
574 3479 642 3518 coer.
716 3469 758 3517 27.
778 3463 878 3518 vicinis
902 3462 930 3519 A
952 3459 1094 3518 meniso
