2378 3930
351 198 533 258 ofloaoua.
551 201 578 255 11
597 205 622 258 a
641 206 657 256 e
677 202 805 270 <ae-er)
1044 199 1088 264 35

68 363 199 448 signum
218 361 348 428 fabulae
365 368 522 449 remanet,
546 368 579 429 et
600 362 679 428 urbs
703 384 802 447 quam
821 383 915 427 soror
938 362 1008 428 eius
1027 383 1087 428 suo

66 452 202 518 nomine
223 451 407 518 nominavit
425 451 567 536 Abdere3
591 450 647 517 sed
666 472 705 516 ea
723 451 829 536 magis
853 450 887 517 id
905 471 1088 517 memoran-

66 540 143 606 dum
170 540 285 625 habet,
312 539 401 624 quod
421 538 647 606 Democritum
672 539 846 625 physicum
865 539 960 625 tulit,
988 561 1087 626 quam

66 628 154 713 quod
171 629 221 693 ita
239 628 369 695 condita
388 633 446 694 eet
491 629 580 696 ultra
599 627 719 694 Nestos
739 629 821 712 fluit,
843 629 994 714 interque
1012 650 1086 694 eum
1104 643 1141 694 3ο

42 722 100 782 eet
122 716 300 802 Strymona
327 717 424 783 urbes
448 721 526 783 sunt
545 717 705 803 Philippi,
731 718 923 803 Apollonia,
948 716 1086 802 Amphi-

65 806 164 891 polis3
192 806 279 871 inter
304 803 480 890 Strymona
507 810 541 871 et
562 805 676 871 Athon
703 805 816 871 Turris
844 805 1024 873 Galamaea
1052 810 1086 877 et

65 898 182 980 portus
204 891 313 979 Capru
334 894 449 980 limen,
470 895 549 961 urbs
572 894 742 961 Acanthos
765 898 799 959 et
820 893 976 978 Echinia3
999 893 1086 959 inter

65 983 179 1049 Athon
215 986 249 1048 et
278 981 437 1049 Pallenen
468 981 591 1050 Clenna
626 987 660 1048 et
692 982 864 1067 Olynthos.
919 981 1085 1067 Strymon,

66 1074 152 1137 sicut
175 1072 330 1156 diximus,
362 1072 468 1138 amnis
502 1075 553 1138 est
584 1073 746 1158 longeque
775 1076 867 1137 crtus
900 1074 934 1136 et
966 1072 1085 1137 tenuis.

32 1178 54 1219 rc
69 1160 185 1226 alienis
209 1160 345 1225 subinde
369 1161 462 1245 aquis
485 1161 524 1226 fit
547 1162 696 1247 amplior,
719 1164 752 1225 et
774 1159 832 1226 ubi
854 1181 922 1226 non
944 1159 1041 1245 longe
1065 1180 1085 1225 a

65 1248 150 1314 mari
173 1249 281 1314 laeum
299 1248 387 1333 fecit,
410 1249 532 1314 maiore
551 1271 650 1334 quam
669 1254 803 1314 venerat
821 1249 915 1315 alveo
934 1249 1084 1333 erumpit

65 1336 155 1402 Atho
179 1357 275 1402 mons
288 1337 378 1401 ¹adeo
407 1337 493 1402 altus
524 1342 587 1421 est,
615 1341 652 1402 ut
679 1338 828 1403 credatur
856 1337 955 1403 altius
983 1337 1136 1403 etiamen

66 1447 164 1510 quam
183 1425 267 1489 unde
286 1425 409 1490 imbres
428 1427 546 1492 cadunt
563 1430 705 1512 surgere.
742 1427 831 1511 capit
849 1425 960 1511 opinio
978 1425 1086 1511 fidem,

65 1513 201 1598 quiade
221 1513 287 1578 aris
307 1514 442 1598 quasin
455 1514 577 1580 vertice
596 1516 737 1580 sustinet
749 1536 816 1580 non
835 1513 981 1579 abluitur
996 1514 1085 1600 cinis,

31 1619 53 1661 15
67 1601 124 1668 sed
147 1623 214 1686 quo
235 1601 432 1686 relinquitur
454 1622 573 1688 aggere
591 1607 711 1668 manet
757 1607 901 1668 ceterum
923 1623 990 1668 non
1013 1623 1086 1686 pro-

65 1691 233 1757 munturio
256 1694 295 1754 ut
312 1690 380 1774 alii,
402 1713 515 1756 verum
537 1695 629 1758 totus
652 1696 686 1756 et
708 1693 782 1757 toto
803 1693 968 1777 longoque
988 1690 1084 1757 dorso

64 1778 216 1863 procedit
238 1779 272 1843 in
295 1779 441 1864 pelagus.
488 1802 552 1865 qua
570 1781 750 1846 continenti
769 1781 963 1846 adhaerete
978 1778 1084 1846 Xerxe
1102 1795 1139 1846 32

63 1868 99 1933 iu
128 1866 255 1934 Graios·
280 1867 434 1933 tendente
466 1868 632 1953 perfossus
664 1869 994 1955 transnavigatusque
1026 1873 1084 1935 est

62 1957 131 2022 ima
168 1957 237 2022 eius
272 1958 387 2022 tenent
422 1978 542 2041 paruae
578 1956 794 2042 Pelasgorum
833 1957 991 2023 coloniae.
1048 1957 1085 2021 in

27 2061 192 2112 usummo
222 2044 287 2110 fuit
318 2045 475 2130 oppidum
501 2046 704 2129 Acrothoon,
736 2047 772 2110 in
799 2067 877 2130 quo,
904 2047 942 2110 ut
968 2044 1084 2130 ferunt,

63 2133 198 2199 dimidio
216 2133 348 2219 longior
370 2156 469 2219 quam
486 2135 523 2200 in
544 2135 620 2200 aliis
638 2135 734 2200 terris
753 2137 843 2199 aetas
862 2133 1084 2198 habitantium

63 2226 142 2289 eret.
190 2221 325 2288 Pallene
352 2222 416 2288 soli
442 2226 512 2289 tam
538 2225 694 2308 patentis,
722 2227 759 2288 ut
787 2223 929 2309 quinque
937 2222 1083 2288 «urbium
1102 2239 1138 2289 33

62 2310 156 2377 sedes
179 2310 224 2376 sit
240 2315 339 2396 atque
362 2331 449 2396 ager,
471 2316 543 2377 tota
560 2312 597 2378 in
618 2313 722 2378 altum
741 2311 821 2397 abit,
842 2316 984 2397 angusta
1002 2312 1083 2378 eatis

61 2398 148 2464 unde
175 2392 300 2485 incipit.
350 2398 398 2464 ibi
425 2403 475 2464 est
501 2399 671 2486 Potidaea,
704 2405 740 2466 at
771 2401 828 2466 ubi
854 2401 960 2465 laxius
990 2404 1084 2485 patet

28 2486 180 2553 suenda
199 2485 379 2573 Scioneque
401 2487 598 2569 referendae,
620 2489 680 2555 illa
704 2489 745 2554 ab
764 2489 913 2574 Eretriis,
936 2488 1016 2555 haec
1040 2489 1082 2553 ab

61 2575 200 2642 Achivis
223 2579 319 2661 capto
341 2576 404 2641 Ilio
428 2578 647 2644 remeantibus
670 2579 788 2663 posita.

153 2663 236 2729 Tum
258 2664 472 2732 Macedonum
501 2668 615 2752 populi
643 2667 769 2751 aliquot
796 2666 892 2731 urbes
919 2665 1080 2753 habitant,
1099 2643 1134 2772 ᾗ

133 2914 158 2964 5.
186 2908 330 2980 philippis
356 2910 384 2964 A
411 2908 540 2981 Philippi
566 2927 587 2964 a
664 2916 689 2965 3.
719 2909 844 2964 calamea
870 2911 899 2964 A
927 2910 1080 2966 Calarnaea

61 2980 209 3036 Barbarae
280 2986 305 3038 8.
321 2980 447 3035 olinthes
460 2980 489 3036 A
544 2980 691 3050 sthrymon
704 2981 732 3035 A
806 2987 847 3036 16.
867 2983 927 3052 e(i.
943 2999 963 3036 e.
979 2983 1033 3050 est)
1051 2981 1080 3036 A

62 3053 90 3105 et
111 3051 262 3108 Tzeclueclcc
314 3051 455 3121 longeque
470 3053 498 3107 A
516 3051 658 3121 longeque
675 3069 696 3107 a
769 3056 810 3108 17.
828 3067 926 3106 xerase
940 3052 982 3106 A¹
998 3067 1079 3107 xerse

61 3121 101 3177 A’
178 3127 220 3178 18.
239 3125 269 3178 et
291 3123 320 3177 A
341 3123 386 3179 est
407 3141 425 3178 c
496 3129 562 3192 poet
583 3121 869 3192 transnavigatusque
896 3125 941 3179 est
963 3125 1027 3180 add.
1050 3124 1079 3179 A

61 3194 145 3249 athos
167 3191 241 3250 freto
263 3192 420 3263 navigabili
442 3193 556 3263 pervius
578 3194 680 3249 reorent
702 3194 767 3248 llaec
789 3194 871 3249 uerba
944 3200 986 3249 20.
1010 3209 1076 3249 aero

61 3263 178 3337 (ahor)
195 3265 223 3319 A
242 3265 358 3334 (littam
375 3266 407 3320 ia
423 3279 480 3320 roa.
498 3264 549 3333 ΑΒ)
568 3263 731 3318 Acrothoon
749 3263 877 3319 Barcina
930 3271 972 3320 23.
992 3267 1078 3333 atque

62 3335 101 3388 A¹
120 3351 188 3391 corr.
261 3341 304 3390 24.
323 3333 460 3405 pontidea
477 3334 505 3388 A
522 3334 693 3389 Potidaeau
764 3334 855 3388 laxius
873 3336 914 3389 A¹
937 3353 1006 3392 corr.

63 3404 213 3531 qionequeA
215 3407 244 3460 A
262 3405 418 3531 Scionteqqe
435 3405 583 3530 Barbqlnas
599 3477 630 3529 ot
640 3411 683 3532 23,
703 3404 800 3489 eretria
819 3406 847 3459 A
906 3412 948 3463 27.
967 3405 1079 3461 mache-

81 3492 166 3531 onum
285 3493 340 3546 quo
431 3492 499 3532 corr.
548 3492 597 3543 rqu
669 3493 811 3533 caecemus

884 3565 917 3620 3*
