2378 3930
389 199 569 256 OCTAVIUS
589 217 612 257 c.
634 205 674 255 18.
696 207 736 256 12.
1028 199 1070 263 27

366 345 473 409 deum
496 367 659 429 namque
682 345 738 410 ire
761 367 827 430 per
851 367 980 411 omnes

101 436 308 517 terrasque
334 437 562 520 tractusque
590 435 708 499 maris
736 436 958 520 caelumque
986 456 1072 519 pro·

103 611 199 692 [unde
222 611 371 676 homines
395 615 428 676 et
450 611 603 694 pecudes,
626 612 710 676 unde
734 611 838 676 imber
857 523 1031 698 {liddensi}

22 727 43 798 's
58 734 136 820 quid
163 735 250 800 aliud
278 738 311 800 et
340 757 359 799 a
387 734 481 800 nobis
510 735 588 799 deus
617 756 714 820 quam
744 757 837 801 mens
866 740 898 800 et
925 737 1009 800 ratio
1038 739 1105 803 eta

58 823 191 908 spiritus
209 822 437 909 praedicatur?
454 845 689 908 recenseamus,
708 825 736 889 si
750 825 866 909 placet,
881 825 1070 907 disciplinas

56 912 340 997 philosophorum:
364 911 583 996 deprehendes
607 934 676 994 eos,
700 914 762 978 etsi
787 914 991 978 sermonibus
1014 936 1069 978 ua·

56 1003 136 1087 rios,
163 1002 244 1087 ipsis
272 1007 384 1067 tamen
411 1001 508 1067 rebus
537 1001 572 1065 in
600 1001 685 1067 hano
709 1022 806 1067 unam
830 1003 915 1067 coire
939 1007 972 1067 et
995 1024 1069 1068 con·

57 1091 179 1175 spirare
204 1092 407 1157 sententiam.
445 1090 561 1155 omitto
585 1090 779 1156 illosrudes
804 1094 837 1154 et
854 1096 990 1175 ueteres,
1014 1091 1106 1176 quic

14 1203 43 1243 ro
56 1180 95 1245 de
124 1180 204 1245 solis
231 1180 327 1268 dictis
356 1172 518 1264 sapientes
547 1199 618 1244 esse
646 1182 841 1245 meruerunt.
879 1180 923 1244 sit
950 1178 1070 1245 Thales

55 1267 201 1334 Milesius
226 1270 371 1335 omnium
394 1269 528 1353 primus,
549 1269 606 1354 qui
628 1268 752 1352 primus
777 1268 922 1334 omnium
942 1268 981 1333 de
1000 1291 1070 1334 cae·

55 1358 192 1422 lostibus
221 1359 408 1443 disputauit.
444 1357 473 1422 is
503 1360 612 1422 autem
639 1355 787 1422 Milesius
811 1357 931 1423 Thales
961 1379 1069 1422 rerum

55 1447 183 1510 initium
211 1468 328 1531 aquam
351 1446 446 1524 dixit,
473 1446 568 1509 deum
592 1451 702 1510 autem
726 1468 798 1511 eam
821 1450 964 1512 mentem
987 1468 1069 1532 quae

57 1555 95 1597 ex
127 1555 211 1618 aqua
244 1538 360 1598 cuncta
391 1533 584 1598 formauerit
617 1535 668 1614 [eo
702 1533 800 1598 altior
833 1539 866 1599 et
899 1534 1070 1600 sublimior

15 1646 42 1686 ιε
57 1643 160 1708 aquae
188 1624 221 1686 et
250 1622 384 1706 spiritus
411 1622 511 1700 ratio,
540 1642 637 1704 quam
664 1625 702 1686 ut
729 1622 770 1687 ab
793 1622 925 1687 homine
947 1624 1070 1706 poterit

56 1711 209 1794 inueniri,
232 1711 329 1776 adeo
349 1709 533 1790 traditum]:
555 1709 648 1774 uides
671 1709 860 1794 philosophi
881 1711 1069 1795 principalis

56 1801 225 1865 nobiscum
252 1800 383 1885 penitus
411 1797 598 1884 opinionem
626 1819 814 1864 consonare.
851 1799 1105 1867 Anaximeness

56 1890 206 1973 deinceps
240 1895 273 1953 et
304 1891 381 1972 post
413 1886 640 1971 Apolloniates
671 1886 833 1973 Diogenes
867 1909 942 1953 aera
974 1889 1069 1954 deum

57 1981 205 2042 statuunt
222 1977 390 2042 infinitum
409 1979 442 2040 et
459 1977 655 2041 inmensum:
673 1976 791 2041 horum
806 1999 934 2062 quoque
954 1977 1070 2042 similis

16 2069 42 2128 to
56 2066 95 2130 de
127 2067 297 2131 diuinitate
331 2064 500 2131 consensio
533 2067 591 2130 est.
637 2064 854 2151 Anaxagorae
886 2087 995 2131 rerum
1023 2066 1105 2133 cli-6

56 2156 189 2239 scriptio
213 2159 246 2218 et
267 2158 390 2239 motus,
412 2153 559 2219 infinitae
582 2154 703 2218 mentis
726 2174 812 2238 opus,
835 2154 912 2218 deus
936 2155 1068 2240 dicitur3

56 2247 90 2310 et
111 2243 320 2328 Pythagorae
343 2244 421 2308 deus
445 2246 495 2307 est
524 2241 650 2307 animus
673 2264 731 2328 per
753 2243 938 2308 uniuersam
960 2265 1069 2309 rerum

55 2337 206 2397 naturam
239 2352 425 2398 commeans
459 2335 491 2396 et
523 2331 682 2417 intentus,
714 2355 753 2396 ex
781 2353 844 2416 quo
874 2333 973 2397 etiam
1002 2332 1069 2397 ani-

56 2422 189 2486 malium
223 2422 368 2487 omnium
400 2421 469 2485 uita
497 2421 653 2504 capiatur.
698 2420 924 2506 Xenophanen
955 2425 1105 2488 notumr

15 2533 41 2572 es
57 2514 106 2575 est
124 2532 219 2576 omne
238 2510 402 2575 infinitum
421 2531 494 2575 cum
518 2513 627 2574 mente
646 2511 743 2575 deum
761 2511 898 2592 tradere,
922 2512 955 2574 et
974 2511 1068 2575 Anti·

57 2600 193 2665 sthenen
219 2600 394 2685 populares
418 2599 495 2664 deos
521 2599 657 2683 multos,
685 2599 742 2663 sed
763 2599 946 2663 naturalem
969 2621 1069 2663 unum

56 2775 94 2827 ad
116 2789 138 2827 c.
158 2779 201 2839 32,
220 2777 236 2826 8
255 2775 265 2843 1
287 2778 300 2826 1
326 2773 360 2839 cf.
381 2771 477 2841 (ἴσως.
496 2770 536 2826 lV
554 2778 605 2826 221
620 2787 658 2841 sq.
677 2772 687 2840 1
705 2775 722 2823 4
736 2771 852 2839 pessime
870 2772 1018 2840 conflatum
1036 2788 1070 2828 ca

55 2845 126 2898 Aea.
145 2843 158 2896 1
178 2848 230 2897 ⁷43
253 2849 278 2899 et
296 2843 393 2912 Georp.
412 2840 450 2896 lV
469 2848 521 2896 223
544 2859 629 2911 nepae
650 2843 738 2897 hilam
761 2842 798 2897 od
818 2859 875 2898 rem
891 2844 1070 2911 pertinentem

56 2915 154 2971 seclusi
171 2916 180 2982 1
199 2918 215 2967 5
235 2914 263 2985 a]
283 2914 320 2969 ad
338 2918 402 2968 anic
419 2929 474 2968 roe.
493 2917 513 2965 P
530 2915 540 2982 11
559 2920 575 2969 6
595 2912 772 2981 disciplinam
791 2919 820 2980 P,
837 2930 906 2968 corr.
926 2912 1068 2969 Heuman-

56 3002 109 3040 ncs
123 2987 133 3054 1
148 2991 163 3039 7
181 2984 268 3039 uariis
282 2990 311 3050 P,
330 2999 400 3039 corr.
414 2983 547 3039 Halmius
559 2986 569 3052 11
585 2989 617 3038 10
632 2983 699 3039 solis
712 2985 827 3052 scripsi.-
845 2984 902 3040 suis
915 2990 935 3038 P
951 2984 1069 3054 singulis

62 3057 217 3126 Uacaerceu
233 3060 265 3110 12
284 3054 441 3125 disputabit
459 3059 479 3105 P
496 3073 531 3109 m.
551 3060 567 3110 1
584 3060 589 3121 1
604 3056 628 3110 is
647 3056 742 3110 autem
762 3054 914 3110 Vcblcnae:
932 3055 1022 3110 isdem
1035 3062 1068 3123 P;

55 3146 95 3183 aa
113 3128 137 3180 is
156 3125 261 3182 enim?
278 3130 283 3194 1
302 3125 427 3181 Milesius
446 3126 549 3181 Thales
566 3128 635 3182 delet
652 3125 896 3196 Elmcnborstiusss
912 3132 1017 3182 14-1e
1035 3142 1069 3182 eo

58 3201 105 3270 [=
130 3198 196 3266 eho,
223 3203 256 3252 ut
282 3198 356 3253 cidit
378 3197 534 3269 Ripalte'ue]
563 3198 705 3252 altior-
728 3198 780 3253 deo
803 3197 940 3254 traditum
964 3199 1070 3253 lectoris

57 3270 204 3326 adustioni
222 3269 349 3324 enablema
367 3269 483 3338 apponit
501 3270 528 3323 Ι.
548 3269 600 3325 Pr.
620 3269 802 3340 Gronoae'uslt
821 3276 854 3323 16
873 3269 1005 3337 filosophi
1022 3274 1043 3322 P
1060 3268 1070 3340 11

59 3348 92 3396 le
111 3355 296 3396 anaxamenes
314 3341 407 3408 2120
424 3355 518 3394 rerum
534 3340 687 3395 Bubetios:
705 3356 772 3396 uero
787 3346 807 3392 P
823 3344 827 3410 1
844 3339 989 3408 discriptio
1008 3339 1070 3395 Use-

57 3428 153 3467 aercs:
172 3411 323 3480 descriptio
341 3412 432 3480 21121
452 3413 544 3465 motus
564 3411 718 3467 Mearsiae:
739 3411 839 3467 modus
858 3417 878 3463 P
894 3414 899 3480 1
915 3428 984 3480 opus
1002 3410 1070 3466 deus

56 3484 169 3552 scripsi:
189 3482 257 3537 deus
276 3487 305 3551 P,
323 3483 396 3552 qaod
413 3483 505 3550 ipsum
522 3484 554 3538 ἐκ
572 3499 641 3552 opus
659 3489 748 3540 matut
765 3483 905 3538 Bubetios
918 3483 927 3551 11
942 3487 976 3536 24
995 3481 1069 3551 capi·

57 3555 134 3608 tatur
151 3559 171 3605 P
186 3557 191 3623 1
206 3553 363 3609 xeonfenen
380 3555 471 3623 2126
490 3553 650 3609 antistenen
667 3559 695 3610 P.
