2378 3930
169 192 256 241 XXIV
530 195 710 238 rnnnrnnlo

168 337 250 393 diocli
267 341 304 392 ist
320 336 369 390 dic
385 333 471 390 Form
487 334 569 391 tiociis
579 331 812 403 nnsffilrllolcr,
837 332 920 388 ilcils
935 332 1085 407 931331139-

169 431 223 478 ter.
256 421 318 475 Das
333 420 415 476 liade
435 420 525 474 lonlei
546 417 731 475 centenarium
752 418 859 472 numeri
875 433 976 473 nomen
992 426 1035 474 est
1049 435 1086 475 co

170 506 243 580 quod
264 513 372 561 centum
393 503 524 561 librarum
536 503 665 576 ponderis
681 504 733 573 sit,
758 500 831 575 quod
845 501 952 574 pondus
969 510 1087 576 propter

169 591 367 665 perfectionem
386 589 534 645 centenarii
554 589 658 643 numeri
680 588 859 643 instituerunt
874 588 979 642 romani
996 581 1086 664 [coni.

169 675 232 735 lsid.
253 673 287 730 fr.
305 673 381 744 125,
405 666 469 748 23].
498 672 629 742 Hieratis
644 670 717 743 folpt
735 672 787 742 fol.
811 674 863 725 m
883 670 916 726 de
938 674 1084 729 mensuris.

170 760 230 814 Iler
246 757 363 831 Anfonp
384 759 476 814 laniet
497 773 624 813 mensura
646 764 688 812 est
708 773 753 812 res
769 756 954 828 aliquomodo
971 774 1021 813 sno
1038 757 1084 813 uel

170 855 294 918 tempore
309 843 522 916 circumscripta.
552 842 618 898 haec
633 849 679 897 aut
694 842 817 913 corporis
833 847 875 895 est
890 849 937 897 aut
951 843 1084 915 temporis

172 925 257 1003 [coni.
274 928 334 983 lsid.
351 929 384 983 ir.
401 927 477 995 126,
496 922 545 1002 1];
567 927 620 981 das
634 925 716 980 liade
737 926 889 981 conseruati
912 926 982 981 enim
999 925 1085 983 modii

170 1015 284 1086 triginta
295 1013 382 1067 instar
398 1012 475 1067 collis
488 1012 616 1066 uidentur
628 1019 656 1066 et
667 1027 736 1066 onus
748 1009 852 1066 camelli
865 1008 987 1066 efficiunt
997 1004 1084 1086 [coni.
1146 1006 1150 1012 ’

170 1096 235 1153 ibid.
246 1091 337 1171 322]
361 1095 417 1152 Dic
426 1096 645 1168 Bemerlrunpen
657 1095 734 1150 ancli
750 1095 843 1150 dieses
857 1094 1005 1151 Traclotcs
1017 1095 1086 1151 sind

170 1182 233 1236 dem
254 1181 350 1237 Indole
372 1183 448 1236 naci
471 1185 522 1236 mil
545 1181 608 1235 dem
630 1179 887 1235 Lactmarmsclen
912 1179 999 1234 Teate
1025 1180 1084 1236 dci-

170 1267 247 1321 nale
263 1267 418 1336 montisel,
435 1266 505 1321 aler
520 1266 710 1321 verschiedne
728 1264 880 1338 obpclassl.
909 1264 980 1320 Haec
993 1263 1085 1321 Helbi·

169 1352 244 1426 gius:
257 1348 260 1353 ’
274 1352 344 1406 unde
370 1352 436 1406 satis
457 1358 570 1424 apparet
594 1350 672 1407 aliam
693 1349 809 1406 formam
830 1357 1021 1421 excerptorum
1048 1350 1084 1404 dc

168 1436 347 1507 ponderibus
364 1444 391 1491 et
411 1437 447 1490 de
464 1442 607 1491 mensuris
623 1439 654 1490 in
669 1436 788 1506 liquidis
805 1435 895 1490 inesse
909 1435 937 1488 in
952 1434 1085 1490 Vaticano

168 1520 261 1577 codice
281 1528 363 1594 atque
385 1522 411 1575 in
428 1520 565 1589 Gudiano,
588 1528 670 1594 atque
689 1520 800 1576 eandem
821 1520 936 1592 propius
954 1520 1086 1576 accedere

168 1605 252 1660 videri
272 1606 384 1678 adipso
403 1605 498 1661 isidori
518 1605 597 1661 verba
618 1622 698 1679 quam
719 1605 869 1661 Gudianum
889 1612 1047 1660 contextum
1068 1622 1082 1660 a

168 1689 339 1746 liachmanno
367 1689 478 1745 editum.
502 1720 542 1731 -
567 1691 686 1762 Denique
711 1689 845 1745 hocloco
872 1705 1086 1745 commemorau-

169 1774 232 1829 dum
256 1781 298 1829 est
320 1775 348 1828 in
368 1775 427 1830 cod.
443 1774 566 1830 Parisino
582 1774 666 1831 8680
682 1776 771 1829 omnia
791 1775 844 1828 trin
866 1773 1017 1844 fragmenta
1038 1790 1084 1829 eo·

168 1859 230 1914 dem
252 1859 346 1914 ordine
368 1866 396 1913 ct
416 1859 508 1914 eadem
531 1859 618 1916 sorana
641 1866 722 1931 atque
738 1859 765 1912 in
782 1857 902 1914 Gudiano
918 1856 988 1931 legi,
1011 1858 1084 1913 sicut

168 1944 249 1999 docet
264 1944 446 1999 ilotnmsenus
468 1943 499 1998 ad
517 1942 610 1999 Volus.
625 1943 706 1998 Maec.
722 1961 749 2016 p.
767 1941 844 2010 287,
869 1943 915 2015 qui
931 1942 1083 1997 Parisinum

169 2027 269 2083 librum
285 2028 426 2084 levissimis
442 2036 548 2084 tantum
563 2027 644 2084 rebus
660 2045 673 2082 a
689 2027 809 2083 Gudiano
825 2027 1035 2100 discrepantem,
1050 2043 1084 2082 er

168 2113 221 2168 hoc
237 2116 297 2187 ipso
313 2113 478 2185 descriptum
495 2130 555 2169 esse
570 2115 735 2186 suspicatur.

233 2196 301 2253 140.
326 2196 471 2252 Salmasius
492 2199 520 2251 in
541 2198 631 2252 Relnt.
655 2199 799 2269 utriusque
824 2196 929 2252 elenchi
950 2196 1082 2270 Cercopu-

169 2281 265 2334 taviani
281 2296 311 2352 p.
328 2280 366 2336 25
384 2281 461 2335 affert
477 2289 557 2335 cetus
571 2282 766 2353 lrupmenlom
784 2283 904 2336 latinum
922 2282 957 2334 de
968 2281 1082 2352 ponde-

168 2363 248 2418 ribus
274 2369 304 2417 a'n
331 2362 520 2420 Antidotora'o
544 2365 575 2419 11.
600 2364 631 2420 B.
656 2363 685 2437 (i.
708 2382 731 2421 e.
753 2366 851 2438 Regiae
877 2365 1082 2438 bibliothecae),

168 2447 241 2521 quod
268 2463 318 2502 uos
341 2464 395 2502 non
421 2450 600 2505 omittendum
625 2466 685 2505 esse
704 2451 837 2506 duniinus.
868 2451 1021 2523 Repetitum
1038 2458 1083 2506 est

168 2549 199 2586 ex
215 2531 311 2587 isidor.
329 2531 362 2587 ir.
381 2532 451 2603 125,
469 2534 518 2588 17.

232 2616 302 2672 141.
324 2617 396 2672 Calvi
416 2619 568 2673 versionem
583 2620 699 2691 repetivi
714 2636 744 2675 ex
760 2622 818 2692 ipsa
833 2621 1007 2693 Hippocratis
1025 2619 1082 2674 edi·

168 2701 241 2756 tione
258 2701 381 2775 principe
394 2703 511 2758 Romana
527 2702 578 2775 (=
595 2702 664 2776 Ro),
681 2706 757 2760 cuius
774 2706 897 2777 exemplo
912 2703 1080 2760 Berolinensi

166 2786 207 2839 uti
223 2787 288 2840 mihi
304 2787 382 2842 licuit
399 2783 465 2862 (vide
480 2787 549 2860 prol.
568 2786 585 2858 S
600 2787 660 2844 114
677 2789 735 2844 adn.
753 2787 791 2858 1),
808 2789 853 2844 not
869 2790 936 2845 haec
949 2788 1021 2844 Calvi
1038 2790 1082 2844 in-

167 2872 328 3027 terpr7e21atip
344 2870 446 2944 legitur
462 2890 488 2945 p.
505 2870 640 2928 ucxcvnt
659 2891 680 2928 s,
698 2871 733 2947 (in
749 2873 897 2929 Basileensi
915 2874 1081 2947 repetitione

165 2971 193 3027 p.
287 2974 329 3010 s..

228 3208 321 3263 Restat
342 3209 458 3283 deniqne
480 3220 511 3266 ut
533 3220 709 3285 conspectum
727 3214 860 3267 variarum
876 3220 1001 3268 notarum
1019 3212 1080 3285 qui·

165 3291 218 3346 hus
233 3291 355 3365 pondera
370 3300 397 3346 ct
413 3310 555 3349 mensurae
571 3297 597 3349 in
614 3295 656 3349 his
674 3296 795 3368 reliquiis
813 3296 1000 3368 significantur
1015 3312 1080 3370 pro·

166 3392 280 3448 ponam;
302 3392 333 3431 ac
352 3375 468 3448 primum
490 3379 598 3450 quidem
621 3380 690 3435 assis
705 3387 798 3453 partes
814 3398 863 3437 suo
880 3382 974 3437 ordine
989 3397 1078 3454 usque

167 3461 200 3517 ad
214 3459 378 3535 scripulum,
401 3467 459 3515 tum
480 3461 600 3535 reliquas
620 3470 700 3519 notas
722 3464 868 3519 secuudum
891 3465 995 3522 litteras
1017 3483 1080 3540 per·

166 3562 276 3621 sequar.
662 3557 667 3567 '
