2378 3930
149 206 203 253 x11
516 174 705 252 cesaream.

151 357 255 421 qnater
270 347 450 418 adsumptus.
469 374 506 386 -
525 346 574 402 71.
586 349 713 402 sectarii
724 343 903 400 Endlieheru‘s
918 343 1002 399 edidit
1017 362 1070 418 pre
1127 336 1130 341 ’

103 461 105 464 -
150 433 261 506 vulgato
278 439 357 487 antea
374 435 500 500 seatnrt,
522 434 569 504 qui
585 447 645 486 cunr
661 429 721 487 aliis
738 428 807 484 locis
822 427 926 501 ubique
941 428 1068 502 vulgatae

152 519 303 590 scripturae
318 517 476 571 varietatem
489 514 593 586 afferat,
605 514 649 570 hic
664 521 754 569 autem
769 512 838 568 nihil
854 512 934 586 plane
945 513 1068 585 adnotet,

152 601 246 656 dubito
262 616 328 654 num
343 606 473 656 seatnrta'
487 599 585 655 habeat
595 601 627 668 A,
641 606 714 654 certe
730 598 758 652 id
772 614 828 653 nou
844 614 859 652 a
875 598 963 671 prima
977 614 1068 654 manu.

152 686 217 741 Utut
238 693 296 751 est,
318 686 377 740 sine
399 684 482 741 dubio
505 689 619 740 scatere·
641 682 830 751 scribendum,
858 683 987 754 queniam
1012 698 1069 756 que

153 768 321 825 emendatior
332 771 459 826 carminis
472 769 559 825 ierma
569 768 682 843 prodiit,
694 783 728 822 eo
743 768 830 840 magis
846 766 1011 822 declaratum
1026 775 1070 823 est
1144 794 1147 800 ·

153 855 314 926 scriptorem
339 855 379 909 rei
399 856 528 910 metricae
552 853 623 910 bene
644 867 757 926 gnarum
783 851 870 906 luisse
892 867 943 906 nee
970 851 1069 924 longas

152 938 304 1010 brevesque
319 936 437 1010 syllabas
454 937 526 993 inter
541 955 572 994 se
587 937 752 994 confudisse.
782 935 832 1003 Qui
849 951 909 991 cum
921 940 1070 993 sectarius

144 1040 191 1077 rs.
214 1021 253 1078 65
278 1023 306 1075 iu
328 1021 447 1077 secunda
473 1022 574 1094 syllaba
599 1029 675 1078 recte
700 1020 874 1094 produxerit,
898 1022 960 1092 quis
985 1029 1070 1095 neget

154 1107 219 1179 quia
233 1104 317 1178 paulo
336 1113 400 1178 pest
417 1111 544 1162 sesterti
561 1106 688 1162 librarius
708 1106 801 1178 petius
824 1106 967 1176 scripserit
988 1121 1068 1178 quarn

153 1191 282 1261 antiquus
302 1178 402 1261 poeta?
439 1191 551 1246 Accedit
573 1191 647 1264 quod
669 1191 741 1246 idem
759 1193 874 1244 sectari
890 1188 1071 1264 probabiliter

153 1274 263 1328 restitui
279 1291 316 1328 vs.
328 1273 379 1343 80,
395 1274 442 1329 ubi
460 1291 521 1330 cum
536 1275 618 1348 vulgo
635 1293 667 1331 ex
683 1274 856 1346 interpolatis
872 1273 949 1329 libris
966 1274 1069 1329 editum

154 1359 190 1413 sit
206 1364 354 1427 seatarto,
377 1360 405 1412 in
420 1359 442 1412 Α
458 1367 548 1415 atatem
564 1361 718 1415 inveniatur
733 1364 760 1413 st
775 1363 937 1427 sestarios,
957 1352 1070 1432 apparet

154 1459 186 1497 ex
201 1443 252 1498 hae
268 1450 397 1515 corrupta
414 1445 549 1515 scriptura
567 1444 662 1500 eodem
681 1446 740 1499 iure
760 1447 877 1498 sectari
896 1441 957 1497 elici
975 1459 1069 1515 posse,

154 1527 226 1599 quod
242 1544 327 1583 unum
345 1535 500 1583 structurae
517 1529 598 1584 huius
614 1528 668 1584 loci
690 1529 841 1584 conveniat.
876 1526 910 1580 [le
927 1535 1066 1582 contracta

154 1613 272 1684 genetivi
298 1613 385 1667 forma
407 1611 478 1666 conl.
495 1630 532 1668 vs.
550 1612 618 1669 127.
640 1644 674 1653 —
693 1613 740 1668 72.
760 1616 867 1682 rectptt
884 1614 916 1680 A,
936 1611 1069 1682 captati}

155 1695 245 1767 vulgo.
264 1726 301 1735 —
322 1695 369 1752 73.
388 1705 488 1766 epotos
502 1713 533 1752 ex
549 1699 569 1751 Α
586 1706 612 1753 et
628 1699 668 1752 sic
682 1705 754 1770 pert
769 1696 882 1769 reliquis
898 1695 967 1751 locis
982 1698 1069 1769 scrip·

154 1781 260 1849 sissem,
280 1779 333 1835 nisi
352 1797 389 1835 vs.
404 1781 445 1838 80
462 1784 582 1852 eptaticus
598 1785 624 1837 in
640 1776 673 1836 Α1
690 1781 744 1854 legi
763 1779 938 1836 Endlicherus
957 1780 1070 1836 doceret

154 1863 186 1918 ad
204 1880 242 1918 vs.
261 1863 309 1920 75.
344 1864 396 1920 Sed
413 1881 445 1921 eo
460 1866 520 1939 ipso
535 1867 597 1923 loco
615 1867 668 1922 duo
686 1865 928 1938 deprehenduntur
945 1866 1070 1938 typothe-

155 1955 197 2002 tae
219 1965 328 2004 errores
346 1947 475 2020 (etpatos
501 1951 616 2007 alterum
639 1968 690 2024 pre
716 1951 835 2022 cipeto,
864 1957 891 2004 et
913 1955 999 2020 epact
1017 1966 1068 2022 pre

155 2032 260 2104 epate),
286 2051 353 2106 quae
370 2035 482 2091 editoris
498 2035 673 2108 neglegentia
690 2037 770 2091 etiam
785 2035 887 2090 codicis
906 2034 1069 2106 scripturam

123 2187 126 2191 ι
153 2134 192 2171 rs.
210 2118 252 2174 80
267 2119 375 2173 dubiam
390 2120 487 2174 reddit.
502 2151 545 2162 --
563 2121 611 2176 78.
629 2123 779 2175 coclearia
795 2118 865 2174 edidi
881 2135 913 2173 ex
930 2117 969 2173 BC
986 2118 1070 2173 idern·

155 2218 208 2271 que
229 2202 325 2256 suadet
346 2205 382 2266 A;
414 2193 582 2259 cochlearia
604 2204 694 2277 vulgo.
734 2205 801 2259 ltem
823 2221 860 2258 vs.
884 2202 932 2258 83.
955 2231 998 2243 -
1018 2203 1068 2259 83.

154 2287 331 2356 scrtpaltque
352 2287 404 2340 hoc
424 2287 486 2343 loco
502 2289 524 2342 Α
540 2305 601 2344 cunr
623 2288 676 2352 BC;
700 2287 780 2361 vulgo
797 2289 971 2358 scriptique,
992 2295 1023 2341 ut
1044 2288 1066 2341 Α

156 2368 234 2423 lrahet
250 2367 362 2441 reliquis
379 2369 507 2426 locis-
521 2373 569 2429 89.
586 2382 718 2443 superest
729 2369 760 2428 1¹
771 2374 933 2442 rectissime,
950 2379 1069 2443 saperet

154 2452 245 2525 vulgo.
255 2481 295 2492 -
305 2452 353 2508 93.
367 2455 532 2523 addttAltC3
550 2466 651 2513 temere
666 2459 747 2531 vulgo
761 2458 862 2512 addet:
883 2458 955 2513 conl.
968 2474 1006 2511 vs.
1017 2455 1067 2512 95.

153 2566 196 2575 -
208 2537 255 2592 95.
271 2538 367 2592 altnae
377 2556 432 2594 nors
445 2540 564 2596 dubitavi
576 2544 698 2615 recipere
711 2560 742 2597 ex
754 2537 785 2597 Α1
798 2559 848 2616 pro
861 2542 971 2612 vulgato
983 2542 1069 2607 altat;

153 2638 214 2675 nam
238 2623 269 2677 ad
292 2625 398 2679 alicam
420 2626 575 2698 appositum
598 2628 741 2699 epitheton
762 2627 860 2681 labeas
880 2625 1013 2690 abundem
1042 2631 1070 2679 at

154 2707 231 2760 alica
248 2708 347 2762 labens
362 2707 423 2778 (dte
437 2709 581 2783 platteade
597 2710 757 2782 Oetsrncltt)
776 2718 817 2766 est
836 2709 905 2765 oliva
920 2709 1068 2782 premendo

153 2792 180 2845 in
195 2790 329 2863 liquidum
344 2793 434 2849 eleum
450 2801 568 2863 mutata,
588 2813 656 2868 quiere
671 2797 776 2852 locutio
791 2797 844 2849 etsi
860 2796 1016 2850 contortior
1032 2795 1069 2849 vi-

153 2874 266 2943 (lentur,
293 2883 381 2931 tamen
397 2881 507 2933 minime
524 2879 654 2935 abhorret
669 2881 702 2935 ab
717 2880 790 2934 illius
804 2879 907 2934 saeculi
925 2888 1068 2953 poetarum

152 2975 213 3013 usu.
235 2989 278 2998 -
305 2961 373 3017 103.
400 2971 521 3036 carpento
551 2965 620 3019 edidi
645 2982 675 3019 ex
699 2964 761 3018 ABG
794 2965 920 3036 idemque
946 2965 1069 3019 restituit

154 3042 344 3109 Sclrenlielius3
369 3049 448 3118 vulgo
463 3054 585 3120 arpenti.
601 3079 635 3087 -—
656 3048 725 3105 104.
739 3049 874 3104 larundo
886 3048 939 3120 AC,
952 3048 1069 3103 arando

152 3127 387 3200 vulgo-108.
413 3131 482 3188 bene
507 3133 684 3189 Endliclrerus
713 3149 806 3205 aequa
829 3150 861 3188 ex
880 3134 902 3187 Α
930 3134 1068 3194 restituit:

153 3212 201 3266 sed
235 3212 397 3269 indicativus
427 3228 546 3274 secatur
576 3220 692 3290 requirit
721 3219 858 3274 relativam
892 3220 1068 3273 sententiam:

153 3296 250 3369 scripsi
266 3298 351 3368 igitur
373 3308 413 3355 tat
435 3319 509 3372 qaae
525 3319 618 3373 aequa
640 3307 671 3356 irc
684 3302 779 3370 frasta
797 3312 924 3357 secatur.
939 3333 983 3345 —
1000 3302 1070 3358 112.

153 3384 179 3434 st
191 3376 239 3446 A¹3
255 3382 327 3436 ceni.
344 3399 382 3437 vs.
401 3384 477 3453 1143
499 3393 544 3442 sim
561 3388 650 3459 vulgo.
668 3418 710 3428 -
723 3406 777 3442 vss.
796 3386 964 3442 113—115
981 3387 1069 3442 alieno

152 3464 214 3521 loce
242 3466 369 3522 inculcati
396 3478 509 3543 etpost
532 3489 570 3526 vs.
593 3471 653 3528 118
679 3472 828 3546 reponendi
857 3488 917 3526 esse
942 3471 1070 3526 videntur

153 3549 270 3608 Christio
287 3552 315 3607 in
329 3551 397 3610 llus.
412 3553 496 3610 Rhea.
512 3555 555 3611 llX
570 3573 596 3628 p.
611 3554 659 3611 72.
675 3586 717 3596 —
733 3555 803 3612 113.
821 3556 940 3628 quodsi
953 3563 981 3611 et
994 3555 1065 3610 116.
