2378 3930
356 197 526 254 EDITORIS
544 197 760 255 PRAEFATIO.
1042 201 1068 256 V

53 342 244 427 Vergilium.
283 344 373 408 ouius
398 366 489 408 amor
512 344 668 410 mirificus
691 343 724 408 id
748 344 835 428 quod
858 366 897 409 ex
921 345 993 410 aliis
1017 347 1067 411 in-

54 432 146 497 diciis
169 431 234 496 iam
259 435 309 496 est
331 432 530 516 patefactum
549 434 646 516 plane
666 434 865 518 comprobat,
888 432 1066 500 Minucium

53 521 154 585 fuisse
178 520 362 585 Romanum
384 543 597 604 peruerseque
620 526 796 605 praeeunte
813 521 849 587 F.
867 521 1067 588 Balduinoe

53 609 158 675 doctis
182 609 269 674 haud
293 610 404 693 paucis
428 632 488 693 pro
507 609 664 675 Africano
683 610 888 675 uenditatum
907 633 986 676 esse.
1018 617 1068 677 est

54 703 163 764 autem
187 698 267 762 illud
290 698 410 782 poetici
432 699 589 763 sermonis
614 698 757 764 studium
782 699 822 764 ad
845 704 968 765 rectam
990 723 1066 784 quo·

56 809 117 871 que
142 787 494 961 et)interpretationem
515 792 547 852 et
566 788 824 853 emendationem
845 788 980 854 alicuius
1000 811 1068 855 mo·

51 875 201 940 menti*.

118 962 238 1029 Libelli
267 963 301 1029 in
328 963 517 1029 uniuersum
545 986 564 1028 a
588 987 736 1031 sermone
760 965 957 1031 examinatio
980 967 1066 1050 quod

52 1052 170 1137 effecit,
197 1052 230 1116 id
256 1053 468 1118 confirmatur
491 1075 529 1117 ex
553 1053 692 1119 aliarum
714 1075 821 1119 rerum
844 1054 1065 1138 inquisitione.

52 1163 129 1205 nam
153 1163 193 1205 ex
216 1142 397 1227 apologetis
422 1142 507 1208 circa
529 1143 627 1207 finem
649 1142 781 1207 secundi
800 1166 831 1228 p.
851 1140 927 1209 chr.
946 1144 1065 1209 saeculi

51 1229 239 1295 florentibus
275 1251 347 1296 cum
380 1253 462 1296 unus
497 1231 716 1296 Tertullianus
749 1253 821 1296 cum
848 1230 1066 1318 Apologetice

52 1341 111 1384 suo
140 1341 216 1383 uere
244 1320 355 1384 ueniat
381 1320 416 1384 in
444 1341 574 1402 censum
602 1317 693 1405 (nam
718 1342 765 1387 ex.
790 1342 836 1407 gr.
860 1320 899 1385 de
921 1320 1066 1386 Athena·

50 1427 131 1492 gora
150 1408 259 1473 omnia
277 1405 427 1492 incerta),
451 1430 522 1473 eum
542 1431 637 1473 usum
657 1430 728 1474 esse
746 1408 899 1488 Minucio,
920 1431 987 1474 non
1007 1409 1065 1476 Mi-

49 1496 181 1560 nucium
207 1495 425 1579 Tertulliano,
452 1499 519 1560 tam
542 1497 704 1561 luculente
727 1498 912 1580 nuperrime
936 1499 1066 1564 demon·

51 1584 169 1648 strauit
192 1584 231 1648 A.
254 1582 397 1648 Ebertus
426 1581 474 1666 (in
502 1583 729 1649 dissertatione
755 1583 962 1651 ‘Tertullians
985 1586 1065 1652 Ver·

50 1671 208 1736 haeltniss
232 1695 271 1756 au
289 1671 367 1736 Min.
386 1671 433 1736 F!
457 1673 624 1758 inscripta,
647 1673 777 1757 Lipsiae
801 1669 910 1759 1868),
938 1698 960 1739 u
998 1675 1066 1740 fere

51 1782 255 1825 communem
275 1760 444 1826 doctorum
464 1761 637 1826 adsensum
651 1761 760 1826 ferret.
783 1761 817 1825 in
832 1762 941 1827 uerbis
957 1769 1065 1830 autem

51 1849 175 1933 dialogi
197 1851 303 1914 nostri
327 1872 352 1914 c.
376 1851 407 1934 9,
430 1850 450 1914 6
471 1851 596 1932 passim
618 1871 721 1916 omues
744 1851 894 1930 doceatur,
917 1853 1066 1918 idolium

51 1936 201 2004 Cirtensis
218 1940 318 2004 riustri
335 1943 464 2004 teatotur
482 1940 581 2004 oratio
598 1941 728 2023 tempus
741 1961 906 2023 praesens,
925 1940 987 2004 etsi
999 1963 1066 2006 non

51 2027 140 2113 cogit
167 2029 314 2112 omnino,
342 2030 453 2092 tamen
476 2027 644 2112 probabile
668 2028 840 2092 admodum
864 2032 960 2112 atque
982 2029 1066 2095 ueri·

50 2116 158 2180 simile
181 2116 295 2200 reddit,
318 2117 372 2201 agi
396 2116 434 2180 de
452 2115 618 2181 Frontone
642 2116 746 2181 adhuc
769 2116 855 2181 inter
878 2117 973 2183 uiuos
995 2138 1066 2182 uer·

51 2208 157 2287 sante,
181 2205 219 2269 of.
243 2226 269 2270 e.
293 2205 345 2288 31,
364 2205 385 2269 2
408 2210 480 2271 taus
496 2202 688 2292 Fronto**);
712 2226 816 2289 neque
838 2205 934 2271 facile
956 2208 1065 2290 poste·

52 2293 137 2357 riore
157 2297 303 2376 tempore
325 2291 388 2379 (ex.
405 2316 452 2376 gr.
471 2316 556 2359 enno
576 2291 656 2380 230)
675 2295 797 2359 nudum
815 2295 899 2360 illud
917 2294 1067 2362 Circaeis

50 2383 150 2446 nostri
172 2382 317 2468 intellegi
339 2383 456 2467 potuit.
501 2405 613 2448 uerum
637 2383 766 2467 quidem
789 2387 853 2470 est,
877 2381 1065 2471 Caecilium,

138 2556 164 2626 ³¹¹)
190 2556 262 2612 dabo
286 2557 396 2626 aliquot
420 2574 453 2612 ex
476 2557 567 2628 capite
585 2557 676 2627 primo
695 2557 824 2628 exempla
842 2558 879 2612 ad
897 2558 1063 2628 interprete

48 2624 154 2679 tionem
180 2627 346 2697 spectantia.
384 2629 448 2694 in&
468 2636 481 2683 1
501 2646 571 2699 qaae
587 2631 645 2684 ium
663 2634 806 2684 transacta
824 2634 849 2684 et
866 2630 980 2684 decursu
999 2635 1064 2685 curt
1092 2638 1097 2647 '

48 2698 235 2752 recordatione
261 2714 390 2754 reuocare
416 2699 576 2769 nuperrime
604 2700 712 2753 exstitit
740 2700 788 2769 qui
816 2697 904 2753 uellet
921 2716 1063 2768 renouare,

49 2765 98 2820 sed
117 2783 200 2835 posse
218 2769 352 2838 explicari
372 2770 556 2824 ‘recordando
575 2768 605 2823 in
624 2771 789 2825 memoriam
807 2770 962 2840 reuocare',
981 2770 1064 2826 docet

48 2837 190 2906 Vergilius
214 2839 282 2895 Aen.
302 2837 354 2894 Vll
373 2846 408 2894 40
433 2841 557 2895 scribens
581 2841 691 2910 primae
711 2842 844 2896 reuocabo
867 2841 938 2910 (scil.
957 2841 988 2897 in
1006 2859 1064 2898 me·

47 2908 176 2977 moriam)
195 2911 310 2964 exordia
323 2927 444 2980 papiae.
465 2941 499 2950 -
519 2916 534 2977 θ
551 2917 568 2966 3
587 2913 738 2967 euomuerit
755 2913 847 2968 eadem
864 2914 933 2968 uelle
950 2918 976 2968 et
992 2915 1064 2970 nolle

49 2981 90 3047 (ut
109 2980 138 3033 ct
157 2995 179 3034 c.
196 2985 240 3048 26,
256 2982 300 3050 w)
319 2980 478 3035 defenditur
496 2985 564 3037 noto
583 2984 730 3051 poetarum
744 3001 805 3051 usu,
824 2983 873 3051 qui
886 3001 938 3054 pro
952 2990 984 3049 at
999 3003 1062 3040 con·

48 3049 176 3104 secutiuo
199 3050 340 3105 interdum
363 3051 533 3106 infinitiuum
555 3053 666 3123 ponunt
690 3053 735 3123 (cf.
755 3053 920 3110 Kuehnerus
939 3073 979 3126 gr,
999 3057 1017 3110 l.
1037 3055 1064 3110 II

47 3139 74 3190 p.
90 3121 161 3190 503).
178 3151 211 3161 -
229 3126 244 3187 ἕ
258 3127 275 3176 4
293 3123 333 3177 cic
350 3123 424 3178 colae
442 3124 474 3177 iri
488 3124 626 3178 amoribus
640 3125 730 3179 coriae
742 3125 829 3195 uulgo
843 3123 1015 3197 intellegunt
1029 3126 1063 3182 de

46 3193 205 3274 puellarum
229 3193 395 3277 amoribusp
407 3194 503 3276 potius
525 3210 570 3249 res
590 3194 690 3263 cupide
708 3198 848 3265 appetitas
867 3195 927 3252 siue
946 3197 1072 3254 delicias.

48 3262 710 3419 deglglllrbilbedblddit‘dlllmodiduilinilipsum
726 3354 784 3393 non
802 3337 889 3393 fuisse
908 3336 1063 3392 Cirtensem

47 3405 132 3474 atque
156 3406 318 3461 Africanum
348 3407 392 3474 (cf.
417 3422 488 3476 quae
517 3423 601 3477 supra
625 3410 721 3463 statrm
744 3408 942 3477 subiciuntur),
972 3424 1062 3478 neque

43 3477 318 3598 gtissmfflnucium’
341 3477 467 3548 alioquin
490 3495 555 3534 oum
572 3483 659 3536 aare
680 3478 790 3537 Fronto
811 3479 970 3535 dioendum
982 3479 1081 3528 tuarum

67 3562 82 3598 c
114 3565 166 3602 uro.
