2378 3930
402 241 584 300 OCTAVIUS
603 259 626 297 c.
646 249 688 299 22.
708 247 750 297 23.
1044 243 1087 311 36

75 387 229 453 Hercules
257 392 294 453 ut
325 387 490 454 hominem
518 389 616 451 exuat
643 385 771 452 Oetaeis
800 386 931 471 ignibus
959 410 1086 456 concre-

74 480 189 543 matur.
225 477 286 542 has
309 475 436 542 fabulas
460 481 493 540 et
516 497 640 540 errores
664 477 697 539 et
717 474 757 540 ab
777 474 926 558 inperitis
944 473 1138 560 parenti-23

74 564 135 630 bus
167 565 321 630 discimus
353 568 400 649 et,
431 563 515 648 quod
549 566 600 628 est
631 563 777 648 grauius,
808 563 873 646 ipsi
905 564 1020 630 studiis
1053 571 1086 633 et

73 653 253 737 disciplinis
268 653 483 737 elaboramus,
502 652 700 718 carminibus
719 651 892 735 praecipue
905 655 1085 738 poetarum,

45 742 129 827 aqui
156 743 333 826 plurimum
365 743 522 826 quantum
550 740 682 805 ueritati
713 740 776 824 ipsi
806 761 864 805 sua
892 741 1085 807 auctoritate

72 835 262 896 nocuerunt
303 834 337 894 et
363 829 459 895 Plato
486 829 559 894 ideo
587 829 752 912 praeclare
779 827 959 894 Homerum
991 830 1119 895 illuma

71 918 230 1002 inclytum
253 917 422 984 laudatum
445 919 478 981 et
500 920 690 983 coronatum
708 916 747 981 de
766 916 910 1003 ciuitate,
933 939 1030 1002 quam
1048 919 1084 983 in

72 1027 220 1072 sermone
243 1006 445 1090 instituebat,
467 1005 570 1072 eiecit.
606 1005 659 1071 hic
678 1006 764 1070 enirn
786 1005 980 1090 praecipuus
999 1006 1119 1074 bellos

71 1095 186 1160 Troico
211 1095 288 1161 deos
311 1098 451 1177 uestros,
482 1094 543 1159 etsi
570 1093 664 1160 ludos
688 1094 780 1179 facit,
807 1097 917 1160 tamen
941 1095 1002 1176 [in]
1026 1095 1083 1162 lra-

30 1202 57 1242 ro
70 1183 195 1248 minum
213 1183 309 1250 rebus
329 1187 361 1248 et
380 1182 504 1249 actibus
524 1182 668 1266 miscuit,
686 1182 740 1248 hic
759 1204 870 1248 eorum
888 1182 981 1266 paria
997 1205 1083 1251 oom-
1146 1205 1152 1212 ·

69 1272 193 1356 posuit,
221 1272 381 1338 sauciauit
402 1270 576 1350 Venerem,
606 1270 746 1337 Martem
769 1270 875 1336 uinxit
897 1272 1084 1339 uulnerauit

69 1361 206 1446 fugauit.
246 1359 359 1427 Iouem
386 1364 499 1426 namet
526 1359 660 1425 Briareo
688 1361 877 1444 liberatum,
904 1381 945 1425 ne
974 1383 993 1426 a
1021 1361 1119 1427 diist

69 1450 184 1514 ceteris
204 1448 370 1534 ligaretur,
389 1452 422 1514 et
441 1447 660 1534 Sarpedonem
678 1449 790 1533 filium,
810 1448 965 1532 quoniam
984 1451 1083 1516 morti

68 1559 134 1601 non
156 1540 287 1620 poterat
309 1537 441 1620 eripere,
464 1536 606 1602 cruentis
629 1535 789 1603 imbribus
811 1536 941 1601 fleuisse
959 1541 993 1603 et
1010 1539 1081 1604 loro

29 1644 55 1685 15
68 1623 205 1690 Veneris
228 1625 383 1694 inlautum
405 1625 595 1710 flagrantius
615 1646 711 1709 quam
733 1625 768 1689 in
792 1624 955 1690 adulteras
979 1627 1084 1693 soleat

69 1736 142 1779 cum
156 1712 280 1778 Iunone
299 1735 397 1780 uxore
415 1713 636 1779 concumbere.
669 1712 749 1778 alibi
763 1712 918 1779 Hercules
939 1715 1082 1779 stercora
1100 1728 1117 1778 o

69 1802 172 1887 egerit
204 1806 236 1867 et
263 1801 383 1886 Apollo
411 1801 551 1867 Admeto
581 1822 678 1886 pecus
710 1800 825 1884 pascit.
866 1800 1080 1868 Laomedonti

68 1912 145 1956 uero
169 1913 279 1958 muros
296 1889 471 1974 Neptunus
494 1890 673 1973 constituit,
695 1911 754 1955 nec
775 1888 954 1956 mercedem
974 1891 1081 1981 operis

69 1979 184 2044 infelix
204 1983 344 2044 structor
362 1979 489 2063 accipit
516 1979 584 2043 illic
599 1978 757 2045 idolatriae
773 1977 861 2043 Iouis
879 1977 1003 2049 fulmen
1022 1981 1080 2045 sub
1101 1998 1116 2046 6

30 2088 56 2128 aa
69 2067 196 2133 Aetnae
221 2068 323 2132 antris
342 2069 376 2131 in
394 2066 508 2134 incude
527 2066 715 2151 fabricatur,
737 2087 810 2132 cum
829 2066 954 2131 eaelum
972 2069 1006 2132 et
1022 2068 1082 2133 ful·

68 2157 156 2222 mina
180 2160 213 2221 et
235 2156 366 2240 fulgura
388 2157 486 2240 longe
510 2159 585 2222 ante
609 2154 737 2239 fuerint,
761 2176 857 2240 quam
880 2154 1028 2240 Iuppiter
1048 2157 1082 2221 in

68 2242 164 2310 Orata
182 2248 376 2329 nasceretur,
396 2248 429 2309 et
446 2244 595 2309 flammas
613 2244 683 2313 ucri
701 2243 848 2311 fulminis
864 2264 924 2309 nec
938 2241 1080 2328 Cyclope

66 2334 210 2416 potuerit
241 2332 364 2398 imitari
392 2354 451 2397 nee
481 2333 552 2417 ipse
580 2331 726 2416 luppiter
753 2354 821 2400 non
848 2332 963 2400 uereri.
1004 2333 1115 2418 quidt

138 2530 151 2578 1
164 2523 279 2579 Oetaeis
305 2523 421 2580 henneis
430 2530 450 2576 P
459 2523 494 2596 lle
507 2523 576 2592 ipsis
587 2523 687 2579 studiis
697 2531 725 2592 P,
740 2540 809 2580 corr.
819 2525 961 2581 Mearoius
970 2525 979 2596 l
989 2530 1005 2580 5
1015 2525 1079 2595 ipsa

66 2611 117 2649 sua
126 2595 267 2652 Heraldao
304 2602 329 2664 7,
341 2602 357 2651 8
370 2595 401 2651 in
414 2610 541 2650 sermone
554 2597 685 2666 ploescma
698 2597 822 2651 uidetur:
836 2601 886 2650 aut
900 2613 984 2662 quam
997 2596 1079 2650 insti-

66 2667 165 2720 tuebat
190 2671 241 2721 aad
264 2684 348 2735 quam
370 2666 399 2720 in
423 2664 535 2736 dialogo
559 2667 628 2733 (siue
650 2666 769 2734 ratione)
792 2665 917 2719 institnit
939 2671 1047 2735 eapeeto
1068 2666 1078 2738 ll

66 2742 82 2790 9
101 2737 130 2789 in
147 2738 256 2791 seclusit
274 2736 407 2793 Ueeacras
426 2739 475 2803 (aa
492 2735 637 2790 inmiscuit
654 2738 682 2790 h.
697 2755 718 2789 r.
734 2753 757 2789 e.
772 2752 810 2802 a,
830 2735 876 2790 hic
890 2734 916 2803 ?)
930 2738 940 2806 u
956 2742 987 2790 11
1003 2737 1076 2790 Mar-

65 2807 125 2861 tem
148 2808 186 2862 ed.
205 2824 263 2876 pa:
286 2809 406 2861 matrem
425 2813 445 2859 P
467 2810 477 2876 fl
500 2812 534 2860 14
552 2806 662 2861 fleuisse
680 2805 822 2861 Gelenius:
845 2805 962 2861 fleuitP
986 2809 990 2876 Ι
1015 2808 1076 2862 loro

66 2877 223 2948 Heroides:¹
238 2875 320 2933 thoro
338 2883 358 2929 P
376 2879 385 2947 ΙΙ
408 2883 440 2932 16
460 2876 540 2948 alibi]
559 2894 626 2931 aum
644 2875 735 2946 Augei
753 2878 833 2946 (qaae
849 2877 940 2944 formo
958 2884 997 2934 est
1018 2881 1075 2934 usi·

65 2946 179 3018 dotted?
204 2949 394 3003 certaminum
415 2953 453 3003 est
476 2949 513 3002 ad
535 2964 622 3001 unum
643 2949 693 3002 boc
715 2947 846 3002 Herculis
869 2950 1017 3016 coemptum
1040 2951 1075 3004 ab

65 3019 184 3074 Homero
207 3020 328 3073 albeum
349 3019 501 3088 praemisso
524 3018 593 3075 alibi
616 3019 733 3088 adiciant
755 3019 814 3073 alia
836 3021 914 3089 apud
936 3021 1008 3074 bunc
1029 3036 1074 3073 ea-

65 3091 170 3145 taatiu:
188 3090 300 3145 uidetur
317 3091 397 3145 docto
415 3090 521 3145 lectoris
538 3090 649 3158 aatiprd
667 3090 811 3145 adnotatio
829 3107 883 3147 esse
900 3096 926 3149 d
942 3091 1077 3158 depulisse

63 3167 169 3230 recepta
201 3161 232 3214 id
262 3162 335 3230 qaod
360 3160 491 3215 Admetus
523 3164 548 3214 ct
574 3159 732 3216 Laomedon
762 3167 898 3232 sequentes
933 3162 1076 3230 requirunt

64 3232 190 3301 (Augeae
208 3237 272 3285 autc
289 3231 380 3302 egerit
398 3232 495 3286 inserit
513 3232 542 3285 Ι.
562 3231 589 3286 Ι.
611 3229 823 3301 damascenas)
844 3234 854 3300 11
878 3238 910 3286 18
930 3230 1076 3287 constitnit

64 3305 176 3372 scripsi:
198 3302 322 3359 instituit
343 3309 364 3355 P
385 3301 498 3357 instruit
520 3302 709 3373 chsiaperas
729 3304 740 3372 ΙΙ
764 3309 796 3356 19
821 3303 931 3371 accepit
948 3307 981 3370 P,
1005 3317 1074 3357 corr.

65 3373 193 3430 Gelenius
209 3376 213 3443 Ι
237 3372 375 3428 Vulcanus
394 3374 504 3430 addidit
527 3373 659 3442 Ursino&
676 3375 733 3433 atsi
750 3374 819 3440 forte
837 3374 887 3428 aab
905 3371 964 3426 illic
983 3373 1048 3428 latet
1069 3371 1072 3444 l

64 3446 116 3499 sub
129 3443 238 3500 Aetnae
256 3445 344 3499 antris
362 3445 474 3515 scripsi:
493 3461 556 3500 cum
572 3461 676 3500 aeneae
691 3443 775 3499 armis
789 3449 809 3495 P
822 3460 856 3500 ea
869 3445 1028 3510 importuna
1042 3444 1075 3494 ta·-

57 3516 375 3641 {Ja'iisebmatwm’
401 3533 464 3574 cum
487 3517 520 3576 dc
543 3531 601 3573 aas
622 3515 693 3572 Ioue
717 3519 819 3586 cantur
838 3515 876 3566 aa
891 3507 1111 3576 immutatus&

111 3600 191 3654 eyco
211 3602 225 3640 s
243 3592 271 3642 P.

933 3652 977 3708 ιὸῆ
