2378 3930
402 207 583 264 OCTAVIUS
603 225 626 264 c.
645 213 758 265 34-36.
1041 208 1086 274 55

74 355 193 438 ubique
222 356 381 418 terrarum
407 352 548 438 flagrant
574 373 634 418 nec
656 355 847 437 erogantur:
876 352 924 417 ita
949 352 1086 438 poenale

74 443 155 507 illud
182 441 365 507 incendium
392 462 460 506 non
482 440 616 506 damnis
640 441 822 507 ardentium
847 441 1003 526 pascitur,
1031 442 1086 507 sed

75 533 208 596 inexesa
242 550 413 613 corporum
449 529 648 595 laceratione
683 529 834 595 nutritur.
884 549 939 594 eos
977 534 1122 596 autem4

75 620 190 684 merito
222 617 379 702 torqueri,
412 617 467 703 qui
494 617 593 683 deum
621 619 785 701 nesciunt,
816 620 854 683 ut
884 617 1018 703 impios,
1049 622 1087 684 ut

47 708 223 791 einiustos,
245 706 309 771 nisi
331 705 489 790 profanus
511 728 607 772 nemo
629 707 801 791 deliberat,
822 729 895 773 cum
919 711 1087 791 parentem

76 797 222 861 omnium
240 799 273 860 et
291 795 436 860 omnium
454 795 620 860 dominum
642 818 708 861 non
731 796 867 862 minoris
890 795 1021 862 sceleris
1045 796 1088 861 sit

75 905 226 1037 tritt
240 883 538 1056 attritu
559 888 597 1037 {l
618 884 1122 1057 tutelstete&

76 1065 188 1125 tamen
211 1108 376 1126 ........
400 1060 429 1125 si
454 1061 623 1126 uobiscum
651 1058 829 1126 Christiani
856 1082 1087 1144 comparemur,

37 1166 63 1206 ιο
78 1149 226 1234 quamuis
262 1149 298 1213 in
332 1149 500 1215 nonnullis
533 1149 704 1233 discipline
739 1153 853 1214 nostra
888 1150 995 1215 minor
1030 1154 1088 1233 est,

76 1238 180 1302 multo
198 1242 308 1302 tamen
325 1237 421 1302 uobis
439 1238 590 1303 meliores
609 1236 893 1324 deprehendemur.
922 1259 981 1303 uos
1000 1238 1086 1302 enim
1106 1257 1122 1307 a

77 1326 236 1392 adulteria
267 1325 446 1410 prohibetis
474 1330 507 1390 et
534 1325 657 1408 tacitis,
688 1346 749 1391 nos
782 1326 937 1391 uxoribus
966 1326 1087 1391 nostris

76 1414 279 1480 solummodo
298 1414 363 1478 uiri
380 1415 557 1499 nascimur;
575 1435 634 1480 uos
655 1415 776 1480 scelera
793 1413 936 1479 admissa
954 1415 1088 1500 punitis,

77 1503 164 1586 apud
183 1525 243 1568 nos
262 1506 296 1567 et
314 1503 457 1586 cogitare
474 1524 608 1586 peccare
627 1505 691 1587 est,
712 1523 772 1567 uos
791 1503 938 1569 conscios
954 1503 1088 1587 timetis,

36 1608 62 1651 ιι
77 1614 136 1657 nos
160 1591 258 1656 etiam
279 1590 510 1659 conscientiam
533 1592 646 1676 solam,
670 1591 738 1656 sine
757 1612 822 1675 qua
840 1612 911 1656 esse
929 1612 996 1656 non
1014 1614 1088 1675 pos·

77 1700 202 1763 sumus3
232 1679 371 1763 denique
393 1679 431 1744 de
460 1683 568 1746 uestro
597 1701 730 1745 numero
758 1699 902 1745 emceres
929 1682 1089 1765 aestuant,

77 1767 286 1833 Christianus
318 1768 365 1833 ibi
395 1769 506 1834 nullus
536 1768 686 1834 nisiaut
712 1789 786 1833 reus
816 1788 892 1833 suae
920 1768 1087 1854 religionis

77 1860 134 1921 aut
165 1856 332 1942 profugus.
377 1878 437 1923 nec
464 1856 503 1922 de
534 1857 603 1922 fato
638 1857 810 1941 quisquam
843 1859 900 1922 aut
932 1857 1141 1926 solacium36

77 1949 187 2030 captet
213 1949 270 2010 ant
293 1949 425 2010 excuset
446 1948 608 2010 euentum.
644 1945 689 2010 sit
711 1967 782 2010 sors
805 1943 970 2029 fortunae,
995 1967 1088 2011 mens

36 2051 63 2092 ιο
76 2038 187 2099 tamen
209 2034 313 2100 libera
335 2036 398 2118 est,
421 2037 455 2098 et
476 2033 548 2098 ideo
572 2036 663 2099 actus
685 2033 838 2118 hominis,
860 2056 927 2099 non
946 2035 1088 2120 dignitas

77 2123 247 2188 iudicatur.
289 2121 367 2207 quid
389 2121 476 2186 enim
500 2121 587 2186 aliud
615 2125 665 2187 est
690 2123 797 2187 fatum
821 2144 918 2207 quam
941 2123 1026 2207 quod
1049 2123 1123 2190 dea

77 2232 271 2295 unoquoque
299 2213 448 2275 nostrum
475 2209 553 2275 deus
580 2211 668 2276 fatus
695 2211 768 2275 est?
800 2211 856 2294 qui
884 2233 957 2276 cum
982 2211 1089 2296 possit

78 2300 237 2383 praescire
260 2299 440 2382 materiam,
462 2320 521 2382 pro
545 2298 671 2364 meritis
689 2303 722 2364 ct
741 2299 954 2384 qualitatibus
978 2299 1088 2384 singu-

78 2389 185 2453 lorum
209 2387 307 2459 stiam
328 2387 400 2452 fata
422 2387 626 2452 determinat.
666 2388 713 2452 ita
735 2388 770 2452 in
792 2387 888 2453 nobis
911 2409 978 2453 non
1000 2387 1088 2473 geni·

38 2491 65 2534 aa
79 2479 155 2541 tura
175 2475 335 2560 plectitur,
358 2475 414 2541 sed
436 2476 557 2558 ingenii
578 2479 698 2542 natura
719 2476 861 2561 punitur.
898 2498 935 2542 ac
958 2476 997 2540 de
1020 2476 1089 2541 fato

79 2565 160 2636 satis
188 2586 300 2630 sumus
327 2565 428 2631 locuti
456 2586 516 2650 pro
543 2569 703 2649 tempore,
730 2564 929 2648 disputaturi
953 2565 1034 2629 alias
1057 2568 1091 2629 et

76 2653 208 2717 uberius
236 2656 270 2718 et
296 2653 432 2736 plenius.
477 2657 620 2718 ceterum
646 2651 732 2737 quod
760 2652 907 2736 plerique
933 2671 1125 2737 pauperesu

79 2740 229 2822 dicimur,
255 2763 320 2806 non
343 2745 394 2806 est
420 2741 554 2807 infamia
581 2744 707 2819 nostra,
734 2740 790 2805 sed
814 2741 933 2826 gloria3
963 2743 1091 2808 animus

79 2830 167 2895 anim
198 2832 235 2895 ut
267 2831 345 2895 luxu
377 2831 530 2914 soluitur,
561 2830 609 2895 ita
640 2829 829 2914 frugalitate
860 2831 1017 2897 firmatur.
1058 2836 1127 2898 etc

151 3061 167 3110 3
185 3054 317 3111 inerrasse
334 3061 355 3108 P
372 3057 382 3126 [Ι
405 3062 421 3110 6
442 3062 505 3125 poet
523 3056 639 3110 minoris
657 3073 759 3112 rasura
777 3057 809 3112 ia
826 3062 846 3109 P
864 3059 874 3127 ΙΙ
898 3063 912 3112 7
932 3057 1027 3112 ledere
1045 3063 1065 3110 P
1083 3057 1093 3130 ll

78 3132 95 3181 9
114 3127 231 3182 locam
247 3129 330 3196 noua
342 3128 441 3196 posui:
458 3127 534 3182 houd
549 3143 643 3196 pauca
659 3128 882 3196 inmoderata
897 3133 929 3181 10
944 3125 1047 3200 minor]
1063 3146 1092 3183 m

78 3212 99 3252 a.
120 3198 206 3265 1.,,αιι
222 3215 257 3253 m.
272 3203 289 3252 1
307 3199 449 3267 iuuenum,
463 3199 506 3267 Pl
521 3202 554 3252 13
574 3198 720 3253 solumodo
735 3205 755 3252 P
773 3216 807 3253 oa
826 3203 843 3252 1
858 3198 867 3267 n
882 3203 920 3255 16,
935 3214 1029 3254 carcer
1047 3215 1092 3254 ex-

78 3268 193 3323 aestuat
204 3274 233 3336 P,
252 3284 321 3324 corr.
336 3269 364 3322 Ι.
379 3269 407 3323 I.
423 3268 626 3324 Cornelleecnuu
645 3270 704 3324 coll.
724 3269 796 3325 Tere.
817 3270 888 3338 apol.
908 3271 967 3340 441}
983 3275 1015 3325 19
1035 3286 1093 3325 sors

78 3339 276 3395 Heammmas:
290 3338 404 3395 sortisP
417 3341 427 3410 fl
440 3345 474 3395 20
489 3339 624 3410 dignitas]
639 3339 775 3394 natiuitas
785 3338 934 3396 Ferrarius
947 3341 956 3409 ΙΙ
970 3346 1005 3396 22
1019 3341 1093 3397 fatus

79 3409 216 3466 Sabaeu-
234 3409 325 3466 ratum
338 3416 358 3463 P
371 3411 382 3480 l
395 3415 428 3465 23
443 3410 604 3482 materiam]
623 3409 755 3464 meritum
775 3411 839 3479 (ta)
855 3413 981 3481 Hcpnias
999 3412 1094 3467 futura

79 3481 278 3550 Heumaumm
291 3499 330 3538 on
344 3483 468 3537 mentem
478 3481 492 3536 2
502 3481 556 3555 litt
571 3498 670 3537 sumus
680 3479 778 3536 iocus
786 3481 905 3547 scrtpatx
915 3482 972 3532 nah
979 3481 1118 3542 §xpum

71 3555 96 3600 P
108 3552 125 3618 sl
139 3557 176 3605 27
194 3553 306 3608 uberius
326 3553 488 3612 Meursine:
507 3555 606 3612 uerius
621 3560 656 3610 P.
