2378 3930
389 192 570 255 2202022.
589 198 615 254 11
633 205 650 254 2
668 201 798 271 (rr-ac)
1056 200 1101 270 33

82 380 181 445 super
198 359 291 446 ignes
311 380 394 446 quos
409 361 640 428 circumsident
654 363 814 448 quaedam
829 365 953 430 semina
971 365 1100 450 ingesta

82 451 174 534 sunt,
205 448 326 514 similis
356 449 511 515 ebrietati
537 450 690 529 hilaritas
721 472 760 518 ex
788 453 900 518 nidore
928 454 1100 539 contingit

81 538 117 602 in
148 537 304 604 litoribus
331 536 449 604 Histro
480 542 531 604 est
562 541 711 624 proxima
738 539 954 627 Histropolis,
982 543 1098 608 deinde
1117 558 1152 607 22

81 625 222 692 Milesiis
245 626 384 692 deducta
401 624 550 713 Callatis,
572 632 644 694 tum
663 627 787 694 Tomoe
810 634 844 695 et
865 635 981 715 portus
1000 628 1099 697 Caria

58 720 115 780 set
148 715 281 781 Tiristis
314 717 592 800 promunturium,
625 717 711 802 qood
743 721 983 801 praetervectos
1016 720 1100 785 alter

81 804 181 870 Ponti
205 805 346 889 angulus
369 805 502 889 accipit,
529 805 684 870 adversus
707 805 866 872 Phasiaco
894 811 927 871 et
947 808 1012 872 nisi
1034 831 1100 874 am·

81 893 169 978 plion
186 892 274 958 foret
293 893 419 958 similis.
464 892 527 958 fuit
544 893 599 958 hic
618 893 751 979 Bizone,
768 898 859 960 motu
876 899 984 961 terrae
1002 896 1099 962 inter·

84 980 171 1047 cidit.
213 985 264 1047 est
281 985 396 1066 portus
415 978 552 1062 Crunos,
570 982 668 1047 orbes
687 981 932 1068 Dionysopolis,
950 983 1100 1069 Odessos,

82 1069 308 1154 hiessembria,
331 1069 523 1155 Anchialos,
550 1072 585 1136 et
608 1071 724 1137 intimo
746 1072 783 1135 in
806 1072 893 1157 sinu,
920 1076 1018 1157 atque
1042 1073 1100 1139 ubi
1129 1133 1133 1139 .

48 1158 208 1224 uPontus
232 1159 371 1224 alterum
394 1159 445 1224 sui
467 1156 587 1224 fluxum
611 1160 732 1244 angulo
755 1161 837 1245 finit,
851 1168 981 1246 'magna
998 1160 1100 1247 Apol·

80 1247 179 1312 lenia.
229 1251 319 1312 recte
343 1248 461 1314 dehinc
489 1266 560 1331 ora,
591 1248 655 1313 nisi
682 1249 770 1333 quod
798 1249 905 1315 media
933 1250 1036 1315 ferme
1063 1251 1098 1315 in
1117 1266 1151 1316 23

80 1337 344 1420 promunturium
377 1335 466 1422 quod
507 1334 660 1421 Thynian
695 1342 814 1402 vocant
852 1339 940 1423 exit,
981 1343 1015 1404 et
1051 1341 1098 1404 in·

81 1424 189 1490 curvis
218 1429 333 1490 contra
359 1442 395 1490 se
422 1425 573 1491 litoribus
606 1425 806 1510 obtenditur,
838 1427 1000 1512 urbesque
1030 1448 1099 1493 sus·

80 1513 165 1578 tinet
183 1511 408 1598 Halmydeson
432 1518 465 1578 et
482 1513 608 1579 Philias
631 1517 666 1580 et
683 1514 900 1600 Phinopolim.
940 1515 1099 1582 hactenus

46 1600 216 1667 sPontoa
257 1600 375 1667 deinde
403 1604 454 1667 est
476 1601 667 1686 Bosphorus
695 1606 729 1668 et
751 1601 940 1689 Propontis,
957 1604 997 1668 in
1020 1603 1100 1669 Bos·
1118 1620 1153 1668 24

81 1690 187 1774 phoro
210 1689 403 1777 Byzantion,
425 1692 461 1755 in
483 1689 680 1775 Propontide
700 1689 892 1777 Selymbria,
914 1690 1098 1777 Perinthos,

80 1778 228 1864 Bytinis3
253 1790 429 1865 amnesque
453 1779 509 1864 qui
532 1776 722 1846 interfluunt
744 1778 889 1866 Erginos
913 1785 947 1846 22
965 1779 1098 1866 Atyras.

80 1872 152 1934 tum
175 1867 302 1934 Rhesso
328 1872 467 1954 regnata
490 1869 657 1952 quondam
685 1888 760 1952 pars
787 1869 960 1953 Thraciae,
987 1874 1021 1934 et
1043 1868 1099 1933 Bi·

81 1956 200 2022 santhe
223 1954 416 2041 Samiorum,
438 1961 473 2021 22
494 1957 610 2041 ingens
634 1953 808 2039 aliquando
828 1956 977 2041 Cypsela.
1022 1962 1098 2040 post

41 2045 173 2110 solocus
196 2064 293 2130 quem
311 2040 391 2111 Grai
413 2045 547 2111 Macron
570 2045 677 2110 tichos
701 2045 877 2129 adpellant,
900 2049 934 2110 et
956 2042 991 2109 in
1014 2044 1099 2109 radi·

80 2153 152 2199 cem
172 2150 312 2221 magnae
335 2152 437 2218 paene
460 2134 588 2199 insulae
611 2133 725 2198 sedens
748 2133 966 2217 Lysimachia
1010 2137 1100 2200 terre
1118 2149 1152 2200 ac

81 2242 166 2306 quae
206 2223 355 2307 sequitur
394 2242 557 2308 nusquam
597 2223 666 2286 lata
706 2223 804 2307 etque
843 2221 897 2287 hie
934 2222 1100 2288 artissima

80 2312 169 2377 nter
190 2309 439 2397 Hellespontum
461 2312 694 2396 Aegaeumque
714 2311 884 2395 procurrit
930 2313 1099 2397 angrrstias

80 2398 246 2484 Isthmon,
280 2400 423 2466 frontem
460 2401 529 2466 eius
566 2399 776 2484 Mastusiam,
817 2403 923 2465 totam
960 2398 1100 2466 Cherso-

40 2504 214 2553 ranessum
237 2488 404 2572 sdpellant
431 2489 603 2554 otvmalta
629 2489 883 2554 memorabilem.
929 2492 979 2553 est
1003 2488 1038 2553 in
1060 2510 1099 2553 ea
1118 2504 1151 2555 22

80 2574 208 2642 flumen·
229 2575 352 2663 Aegos,
377 2576 550 2662 naufragio
579 2578 691 2655 classis
718 2577 849 2642 Atticae
876 2578 1018 2663 insigne,
1050 2579 1099 2641 esi

81 2669 115 2730 st
138 2664 258 2750 Abydo
285 2665 437 2732 obiacens
460 2664 586 2742 Sestos,
614 2665 756 2732 Leandri
780 2682 889 2731 amore
916 2665 1098 2750 pernobils3

81 2793 296 2801 ——---·—-

156 2848 179 2896 1.
195 2836 396 2896 circumsident
409 2839 450 2894 A¹
465 2850 532 2896 corr.
589 2846 614 2895 4.
629 2839 755 2894 mailesis
770 2839 798 2892 A
811 2836 931 2915 Milesiis
946 2841 1046 2921 scripum

80 2915 114 2968 tu
132 2912 160 2967 A
178 2915 273 2969 tumc
332 2917 357 2967 2.
376 2909 473 2982 pristis
492 2912 520 2967 A
538 2909 649 2965 Tiristis
672 2908 784 2966 Vossius
847 2915 872 2965 8.
892 2909 1022 2979 dionysio
1044 2909 1097 2965 olis

80 2983 110 3038 A
124 2982 199 3037 Dion
218 2982 355 3055 sopoliso
410 2980 544 3040 obdessos
559 2983 587 3036 A
642 2978 1000 3051 10.11.apollophaniaA
1038 2980 1099 3050 pol-

80 3053 161 3109 lonia
206 3054 325 3110 orturus
398 3059 439 3108 12.
462 3054 495 3106 th
514 3052 611 3107 maian
628 3052 656 3107 A
669 3050 800 3120 Thynian
817 3050 918 3108 sorici
990 3058 1032 3107 13.
1051 3051 1095 3106 ob-

79 3124 209 3180 tenditur
230 3125 272 3178 A¹
295 3123 459 3194 optenditur
505 3122 516 3155 ¹
589 3129 630 3178 14.
655 3121 840 3191 helmydesou
953 3120 1053 3193 phylas
1072 3121 1100 3176 A

80 3194 190 3251 Philias
210 3196 337 3252 Bursian
385 3227 387 3231 <
410 3194 655 3252 1212222222
679 3193 707 3247 A
724 3193 861 3248 Bisanthe
883 3194 1030 3250 Barbaros

82 3274 125 3322 19.
145 3267 264 3337 gypseio
282 3266 310 3321 A
329 3264 450 3336 Cypsela
468 3267 620 3322 Plautianus
672 3270 715 3320 20.
735 3264 927 3319 macrontihos
946 3264 974 3318 A
992 3263 1098 3332 (ntihos

81 3337 123 3392 A⁸
141 3341 174 3392 io
191 3340 281 3408 spatio
294 3341 392 3407 22222)
406 3337 520 3392 Macron
534 3337 627 3391 tichos
641 3337 788 3392 Borboros
859 3341 903 3390 20.
918 3341 960 3390 21.
975 3335 1100 3389 radicem

81 3409 163 3466 sicA
218 3414 260 3464 21.
275 3408 443 3480 peninsulae
456 3408 484 3462 A
533 3415 575 3463 23.
591 3424 765 3478 aegeumque
780 3407 808 3462 A
862 3412 903 3462 25.
919 3403 1100 3459 memorabile

82 3478 110 3533 A
128 3495 253 3534 memora
270 3480 358 3535 bilem
373 3481 523 3536 morasus
596 3486 638 3536 27.
649 3486 714 3549 post
732 3478 863 3534 obiacens
883 3478 946 3532 cdd.
967 3478 996 3530 et
1014 3473 1055 3528 Ai

136 3579 276 3628 Pomponius
290 3579 358 3621 Mela
922 3570 938 3618 3
