2378 3930
392 187 590 232 soarrronns
607 189 771 234 aouauos.
994 170 1038 237 33

120 325 147 381 ei
163 324 271 398 quidem
293 328 422 384 tractatui
443 328 627 401 quamprimo
648 326 710 384 loco
731 328 874 402 posuimus
889 326 910 399 (1
924 346 951 403 p.
963 327 1037 401 259)

120 407 286 466 simillimam
303 426 365 467 esse
381 412 450 467 lianc
464 411 585 468 Latinam
605 406 903 487 interpretationem³)‚
927 414 975 471 sed
997 421 1037 469 ta·

121 510 183 550 men
204 494 334 552 Graecum
356 493 522 569 exemplum,
550 495 623 570 quod
645 497 781 571 interpres
800 499 827 553 in
847 496 971 553 manibus
988 498 1036 555 ha·

120 578 227 648 buerit,
256 579 396 636 nonnullis
420 580 488 636 locis
519 582 634 654 propius
667 580 699 636 ad
731 583 869 655 integrum
893 582 1035 656 Epiphanii

118 662 214 737 operis
226 672 382 721 contextum
395 664 542 721 accessisse
558 681 638 738 quam
654 681 712 722 eam
728 664 855 723 Graecam
871 668 1034 740 scripturam

118 763 191 821 quae
204 764 276 804 nunc
291 747 400 822 vulgata
415 756 466 805 est.
494 749 560 804 Nam
575 758 602 805 et
617 750 715 806 stamoi
730 766 868 824 mensura,
883 767 953 824 quae
967 750 1035 825 legi·

119 840 167 888 tur
183 831 210 887 in
228 832 315 889 indice
332 832 510 908 llpiplianiani
525 833 625 904 libelli,
648 834 747 891 omissa
763 843 854 891 antem
870 837 954 891 estin
974 836 1034 910 ipso

120 924 265 987 contentu,
288 927 392 974 servate
407 918 460 974 luit
475 919 503 973 in
521 919 622 975 Graeco
637 918 726 975 Latini
749 920 907 993 interpretis
924 914 1034 997 libro⁴)‚

120 1009 148 1057 et
162 1000 240 1057 locus
256 1002 288 1056 de
305 1002 408 1059 talento
425 1002 524 1059 ibidem
539 1004 646 1077 integre
662 1004 781 1076 scriptus
801 1004 921 1076 exstitit,
944 1006 1034 1077 quiin

119 1085 224 1141 nostris
245 1084 322 1143 libris
344 1089 452 1161 gravius
468 1096 617 1161 corruptus
636 1082 714 1158 est⁶).
744 1086 912 1163 Quamquam
927 1087 978 1145 alia
993 1088 1036 1145 in·

119 1185 202 1244 super
226 1171 321 1227 menda
345 1172 398 1229 hoc
422 1171 483 1228 loco
509 1172 662 1228 intulerunt
681 1173 701 1227 ii
723 1171 828 1229 librarii
845 1174 892 1247 qui
912 1172 1032 1231 Latinam

119 1254 282 1327 scripturam
303 1274 318 1313 a
338 1256 417 1314 nobis
440 1256 539 1313 editam
562 1265 799 1331 propagaverunt;
828 1258 938 1315 minime
962 1260 1033 1316 enlm

119 1340 183 1395 mihi
199 1341 364 1412 persuadere
383 1359 497 1415 possum
516 1350 563 1397 aut
584 1352 741 1399 sescentae
760 1343 930 1399 millesimae
948 1344 1034 1417 impe·

118 1424 248 1480 ritissime
268 1443 320 1498 pro
343 1440 372 1506 ,ς
392 1428 410 1483 i.
431 1443 454 1482 e.
477 1430 573 1481 sentes
593 1428 776 1498 millesimae,
799 1435 846 1484 aut
868 1428 899 1483 X
917 1431 1033 1484 asseria

117 1525 169 1582 pro
187 1508 239 1563 LX
253 1511 390 1568 incuriose
405 1510 549 1584 scripsisse
563 1511 654 1584 ipsum
668 1513 863 1586 interpretem,
885 1511 975 1587 quiin
990 1529 1033 1569 re·
1117 1558 1121 1563 .

118 1592 200 1666 liquis
219 1596 409 1651 convertendis
430 1604 458 1651 et
472 1593 633 1669 religiosum
649 1604 677 1652 et
690 1595 760 1652 bene
778 1596 811 1651 de
830 1596 873 1653 his
891 1596 973 1653 rebus
992 1598 1033 1652 in·

118 1685 252 1734 structum
271 1697 301 1734 se
316 1682 495 1754 praestiterit.
534 1678 572 1736 Er
587 1681 629 1737 his
644 1682 731 1755 igitur
747 1681 851 1738 mendis
869 1681 986 1738 alterum
1004 1683 1032 1737 io

118 1763 179 1835 ipso
201 1772 346 1835 contentu,
368 1764 483 1822 alterum
505 1773 580 1822 certe
600 1767 628 1821 in
644 1766 821 1823 adnotatione
840 1766 1031 1841 corrigendum

118 1863 179 1903 esse
195 1847 328 1908 duximus.

116 2012 156 2061 Be
168 2012 267 2062 Isidori
278 2029 451 2063 mensurarum
462 2022 488 2063 et
496 2015 638 2078 ponderum
649 2016 832 2078 descriptione.
867 2014 907 2063 De
925 2014 1031 2079 reliquis

270 2091 423 2153 fropmentis
440 2091 466 2138 in
484 2089 549 2139 bone
566 2091 737 2139 collectionem
753 2090 873 2153 receptis.

181 2192 254 2259 Quae
274 2194 394 2251 lsidorus
412 2194 579 2269 Hispalensis
598 2195 625 2250 in
640 2194 780 2252 uberrimo
802 2194 1030 2270 etymologiarum
1043 2200 1095 2261 121

118 2295 203 2353 opere
224 2279 256 2334 de
279 2278 414 2336 mensuris
430 2297 461 2336 ac
474 2280 643 2354 ponderibus
659 2280 761 2354 scripta
776 2279 889 2354 reliquit
903 2296 934 2336 ea
950 2278 1030 2335 nobis

117 2366 144 2419 in
161 2364 211 2419 bac
225 2364 395 2436 praelatione
413 2366 451 2420 ita
466 2367 544 2438 quasi
560 2364 667 2421 termini
681 2364 743 2421 loco
761 2364 883 2434 luerunt,
902 2372 943 2436 ut,
962 2381 1030 2438 quo·

115 2450 186 2505 niam
202 2449 253 2504 iam
269 2448 302 2504 ad
317 2447 456 2506 saeculum
469 2456 575 2506 sentum
589 2459 739 2506 extremum
755 2467 786 2507 ac
796 2450 951 2525 posteriora
962 2456 1031 2505 tem·

181 2679 208 2744 3)
227 2682 330 2747 Incipit
352 2684 488 2749 interpres
512 2682 546 2732 ab
569 2681 722 2748 Epiphanii
746 2698 763 2731 a
786 2681 865 2731 nobis
885 2648 953 2730 editi¹
971 2681 986 2743 ἕ
1003 2682 1029 2743 4,

115 2763 149 2798 ao
167 2747 298 2813 deinceps
316 2749 426 2815 singula
445 2751 540 2800 eodem
554 2750 649 2799 ordine
662 2748 842 2814 persequitur.
865 2748 909 2799 De
921 2753 1029 2800 stamno

115 2814 187 2880 apud
208 2816 393 2881 Epiphaniam
417 2819 517 2868 omisso
540 2817 604 2867 vide
628 2816 690 2868 adn.
708 2818 733 2865 4.
769 2815 869 2881 Congii
892 2814 1031 2867 definitio·

115 2899 178 2932 nem
200 2884 229 2933 in
250 2885 479 2949 interpretatione
503 2884 618 2949 perinde
642 2888 724 2947 atque
747 2884 821 2949 apud
842 2884 1029 2954 Epiphlanium
1052 2894 1055 2899 '

112 2951 237 3016 sequitur
258 2952 407 3015 ponderum
426 2952 575 3019 explicatio
599 2950 663 3016 (vol.
682 2952 695 3001 1
713 2967 739 3016 p.
759 2950 833 3015 142),
858 2952 903 3001 eui
925 2952 1029 3003 utrobi-

112 3033 166 3083 que
185 3019 318 3069 adiunete
337 3024 379 3069 est
397 3024 519 3069 extreme.
536 3034 602 3084 pers
620 3018 654 3068 de
672 3020 814 3072 mensuris.

179 3085 207 3150 4)
226 3087 257 3136 V.
275 3087 331 3137 vol.
350 3089 363 3137 1
381 3104 407 3151 p.
426 3089 484 3150 260,
504 3090 528 3148 7,
552 3087 600 3136 ubi
622 3083 742 3149 crdpvoc
764 3088 850 3150 χρυεῆ
874 3087 946 3138 inter
965 3103 1028 3139 oon-

112 3153 188 3217 gium
207 3158 235 3203 et
252 3155 348 3205 marim
366 3156 458 3220 posita
478 3158 532 3215 est,
559 3158 586 3204 et
604 3153 677 3204 conf.
701 3154 768 3220 prol.
787 3171 813 3220 p.
833 3155 890 3205 142.
925 3156 958 3205 In
974 3156 1029 3207 La-

112 3221 173 3270 tina
201 3222 433 3287 interpretatione
463 3226 585 3272 stamnns
614 3222 705 3272 locum
728 3222 834 3273 obtinet
857 3222 872 3284 ἕ
894 3224 926 3274 19
956 3224 1029 3274 inter

113 3289 254 3353 capsacim
273 3296 302 3340 et
319 3290 447 3355 cotylam.

180 3356 207 3418 ὁ)
226 3357 395 3424 Scripturam
408 3358 592 3408 Petavianam
605 3374 621 3408 a
633 3357 712 3408 nobis
731 3358 834 3409 editam
851 3374 906 3410 non
918 3361 1028 3411 variant

113 3421 146 3475 G.
164 3423 302 3476 Diodorfii
320 3426 393 3480 libri.
423 3426 459 3475 At
475 3426 532 3476 inte
566 3429 652 3476 retem
671 3432 789 3491 apparet
806 3442 860 3478 non
877 3427 948 3478 haec
968 3443 1026 3477 oor-

112 3494 203 3556 rupta,
223 3493 271 3543 sed
288 3494 338 3544 illa
357 3494 415 3544 iere
433 3495 462 3543 in
481 3508 530 3543 suo
559 3493 619 3545 ibro
637 3493 738 3560 legisse
758 3511 828 3560 qnae
841 3510 891 3546 uos
904 3512 918 3546 e
933 3494 1026 3546 codice

111 3558 239 3611 Parisino
257 3564 324 3613 2666
342 3561 484 3612 attulimus
501 3560 557 3615 rol.
575 3562 590 3611 I
607 3578 633 3627 p.
654 3564 702 3613 143
721 3568 789 3617 extr.

147 3662 254 3699 scaren.
274 3663 396 3699 mennon.
415 3662 449 3703 11.
881 3645 906 3708 ‘5
