2378 3930
101 152 106 200 ⁸
406 180 585 237 ocuuvrus
605 199 629 237 α.
648 187 726 240 a-s.
1055 183 1077 246 5

61 328 98 392 in
121 327 409 394 contubernalibus
433 327 613 392 desiderare
638 350 735 412 quam
758 347 925 392 conserere
949 328 1076 412 sapien·

62 417 157 500 tiam3
182 416 276 482 modo
296 417 331 480 in
353 416 425 480 istis
450 415 489 481 ad
514 417 650 480 tutelam
671 416 859 481 balnearum
876 417 971 482 iactis
990 422 1024 482 et
1041 417 1076 482 in
1096 432 1111 482 5

63 507 166 570 altum
189 504 454 589 procurrentibus
475 509 642 588 petrarum
661 504 810 569 obicibus
829 505 1018 585 residamus,
1040 511 1078 573 ut

22 596 25 603 ’
63 598 104 658 et·
118 594 317 678 requiescere
341 593 380 657 de
402 592 518 657 itinere
541 592 704 678 possimus
727 598 761 658 et
788 593 944 658 intentius
968 594 1075 678 dispu-

34 682 153 748 stare?
200 687 233 747 et
264 703 338 747 cum
371 680 458 746 dicto
491 682 558 746 eius
591 680 788 761 adsedimus,
819 681 868 746 ita
894 686 932 747 ut
958 704 1011 747 me
1038 699 1112 749 exo

62 771 167 836 tribus
190 770 333 837 medium
356 769 469 835 lateris
493 770 672 835 ambitione
690 774 916 856 protegerent3
938 792 998 836 nec
1016 771 1078 836 hoc

63 861 198 944 obsequi
221 860 285 924 fuit
308 861 365 924 aut
384 858 506 923 ordinis
525 862 582 924 aut
600 858 744 944 honoris,
767 860 884 944 quippe
903 882 977 925 cum
997 861 1078 926 ami-

62 948 140 1013 citia
171 970 266 1032 pares
300 968 427 1031 semper
459 950 516 1012 aut
548 948 687 1030 accipiat
718 952 776 1013 aut
806 949 920 1033 faciat,
953 949 1010 1014 sed
1041 953 1079 1014 ut

62 1039 184 1102 arbiter
202 1042 235 1102 et
252 1036 399 1120 utrisque
416 1035 583 1119 proximus
602 1059 696 1102 aures
716 1037 827 1102 darem
846 1042 879 1102 et
897 1038 1077 1122 disceptan-

22 1148 48 1186 ιο
62 1131 111 1191 tes
135 1127 215 1192 duos
238 1125 363 1190 medius
388 1145 601 1210 segregarem.
852 1181 857 1193 ,

130 1215 213 1280 Tum
245 1215 290 1278 sic
318 1212 477 1279 Caecilius
510 1235 643 1279 exorsus
673 1216 735 1278 est:
770 1211 978 1300 ‘quamquam
1005 1212 1116 1295 tibi,5

62 1303 171 1369 Marce
195 1302 306 1386 frater,
330 1301 368 1366 de
393 1323 456 1386 quo
481 1324 554 1367 cum
577 1302 717 1367 maxime
737 1303 921 1387 quaerimus
945 1303 1079 1369 nonsit

63 1394 266 1476 ambiguum,
294 1393 408 1472 utpote
437 1411 510 1455 cum
533 1390 708 1476 diligenter
730 1392 764 1457 in
787 1396 923 1476 utroque
946 1392 1078 1459 uiuendi

63 1501 180 1565 genere
208 1481 358 1543 uersatus
386 1478 567 1561 repudiaris
596 1479 750 1564 altarum,
781 1481 915 1546 almum
942 1503 1078 1566 conpro-

21 1589 49 1629 15
63 1568 167 1648 baris,
200 1567 235 1631 in
267 1566 523 1650 praesentiarum
549 1570 660 1631 tamen
688 1568 737 1632 ita
764 1568 826 1632 tibi
852 1569 1077 1636 informandus

64 1660 114 1721 est
142 1656 283 1739 animus,
310 1657 348 1718 ut
375 1653 493 1718 libram
520 1658 632 1720 teneas
662 1656 851 1739 aequissimi
878 1657 995 1722 iudicis
1018 1680 1078 1723 nec

63 1746 98 1809 in
125 1746 262 1810 alteram
289 1745 416 1827 partem
443 1764 624 1827 propensus
647 1744 828 1828 incumbas,
854 1767 896 1810 ne
919 1767 986 1810 non
1009 1750 1078 1811 tam

64 1856 103 1899 ex
125 1833 246 1899 nostris
266 1831 540 1917 disputationibus
559 1835 639 1897 nata
658 1833 819 1898 'sententia
838 1855 935 1918 quam
954 1855 993 1899 ex
1011 1835 1076 1900 tuis

64 1923 212 1988 sensibus
250 1921 381 2005 prolata
417 1919 574 1986 uideatur.
618 1921 754 2005 proinde
791 1921 882 2006 mihi,
922 1923 949 1988 si
984 1925 1111 2007 quasia

22 2033 49 2072 so
62 2033 167 2099 nouus
201 2010 301 2094 aliqui
329 2011 362 2074 et
389 2009 483 2093 quasi
510 2008 644 2095 ignarus
672 2011 777 2093 partis
805 2011 973 2095 utriusque
1000 2034 1075 2078 con-

63 2102 200 2183 sideras,
233 2098 361 2164 nullum
393 2098 561 2182 negotium
594 2102 645 2165 est
675 2099 872 2183 patefacere,
905 2101 1014 2165 omnia
1040 2101 1075 2165 in

61 2191 159 2255 rebus
177 2187 327 2253 humanis
346 2186 445 2250 dubia
462 2187 587 2252 incerta
606 2208 764 2272 suspensa
782 2189 952 2273 magisque
967 2189 1078 2255 omnia

62 2280 98 2344 ds
115 2279 165 2343 bis
183 2276 302 2342 iudicio
320 2274 511 2340 uerisimilia
529 2298 626 2360 quam
645 2299 731 2342 uera.
760 2299 823 2361 quo
837 2278 943 2362 magis
958 2279 1076 2343 mirum
1095 2297 1111 2345 3

64 2372 114 2432 est
145 2365 320 2431 nonnullos
352 2363 460 2428 taedio
493 2364 741 2451 inuestigandae
770 2367 898 2452 penitus
926 2367 1075 2433 ueritatis

23 2474 49 2515 25
64 2455 199 2522 cuilibet
226 2453 372 2537 opinioni
399 2456 521 2519 temere
550 2455 758 2520 succumbere
786 2478 883 2540 quam
910 2457 945 2521 in
968 2456 1074 2540 explo-

61 2545 163 2610 rando
183 2542 342 2627 pertinaci
361 2541 532 2626 diligentia
550 2565 766 2626 perseuerare.
794 2545 886 2629 atqui
903 2543 1074 2630 indignan-
1094 2565 1112 2612 4

62 2634 137 2697 dum
170 2632 320 2696 omnibus
352 2635 381 2695 ei
407 2632 548 2697 mandas
575 2632 839 2698 indolescendum
866 2637 929 2716 est,
958 2633 1075 2698 audere

62 2720 229 2806 quosdam,
252 2719 363 2783 ethos
383 2719 564 2784 studiorum
582 2721 688 2804 rudes,
709 2721 892 2785 litterarum
910 2720 1076 2807 profanos,

134 2901 148 2948 1
168 2893 327 2948 desiderare
345 2893 446 2961 scripsi
463 2893 561 2962 (sapsa
578 2911 609 2963 p.
629 2893 704 2964 XXJ:
728 2895 871 2965 disputare
889 2901 909 2947 P
927 2897 973 2967 {14
995 2902 1075 2962 {re-

60 2967 204 3038 quiescere
228 2967 319 3034 (eraso
342 2964 370 3032 a)
393 2969 414 3015 P
436 2966 445 3034 l
469 2971 484 3018 ἵ
503 2965 631 3033 obsequii
648 2971 669 3017 P
687 2980 720 3021 ea
738 2982 807 3022 corr.
831 2966 840 3036 l
864 2971 897 3022 12
916 2967 946 3022 id
965 2967 1000 3023 de
1019 2984 1075 3037 quo

61 3038 246 3094 Hecmuaous
259 3037 268 3105 {l
284 3039 318 3089 14
336 3034 455 3089 alterum
476 3036 586 3090 addidit
604 3037 644 3093 eci.
660 3053 705 3106 pr.
720 3039 729 3108 l
744 3042 778 3093 18
797 3037 939 3093 sententia
956 3054 990 3093 m.
1007 3044 1023 3093 1
1041 3055 1075 3097 ex

60 3109 151 3166 sentia
172 3113 193 3159 P
218 3111 222 3174 Ι
247 3123 281 3160 ex
309 3105 366 3160 tuis
390 3123 424 3162 m.
449 3112 469 3162 2
494 3123 528 3161 ex
549 3107 627 3162 exuis
649 3113 669 3159 P
691 3110 701 3178 [Ι
726 3114 757 3164 19
782 3107 852 3163 mihi
876 3107 901 3163 si
929 3109 1075 3169 Usemrau

61 3181 85 3236 si
103 3177 175 3234 mihi
191 3178 233 3247 Pl!
247 3182 290 3232 20.
311 3184 344 3231 21
364 3176 502 3232 consid'as
521 3180 634 3247 scripsi:
653 3179 781 3234 considas
794 3185 823 3247 P,
840 3196 893 3248 pro
911 3197 964 3250 qao
982 3182 1076 3238 saltim

61 3248 219 3307 consederis
238 3253 358 3318 expectes
372 3250 381 3319 ΙΙ
395 3254 428 3303 23
448 3249 483 3304 de
502 3249 546 3303 his
565 3249 670 3305 iudicia
688 3251 787 3306 addidi
804 3253 864 3308 coli.
881 3250 935 3307 (lic.
955 3253 981 3308 d.
1000 3269 1028 3307 rr.
1047 3254 1074 3310 d.

60 3323 122 3390 lt,
147 3327 193 3388 123
219 3326 267 3388 24,
292 3325 325 3375 66
354 3320 460 3389 (omnia
486 3321 587 3376 debuit
615 3321 754 3377 Wowcrus
786 3323 895 3377 somnia
922 3323 957 3376 A.
981 3323 1074 3379 Kissa·

60 3394 174 3466 iinpiiis)
192 3394 197 3460 l
213 3407 268 3460 quo
287 3389 379 3446 minus
399 3392 516 3447 Ursinus
530 3393 539 3462 ΙΙ
553 3397 588 3446 24
601 3391 678 3447 tedio
692 3399 713 3445 P
726 3395 735 3462 [Ι
749 3399 784 3448 26
799 3393 878 3468 atqui
892 3394 1074 3452 Domburtas:

60 3464 158 3534 itaque
176 3469 197 3515 P
217 3465 227 3534 l
246 3468 279 3519 27
299 3463 329 3519 et
348 3462 478 3518 omnibus
497 3464 596 3518 addidi
614 3465 710 3530 (solam
729 3464 858 3519 omnibus
880 3463 1026 3533 Votienus,
1046 3470 1075 3523 et

60 3536 243 3591 Dombortas:
261 3535 296 3602 cf.
313 3535 380 3590 lectt.
401 3535 448 3590 lui.
465 3551 494 3605 p.
509 3536 554 3604 24)
568 3537 577 3604 l
591 3540 626 3589 28
645 3538 675 3590 st
692 3536 744 3592 hos
761 3537 874 3607 seipsi:
893 3537 923 3592 st
939 3536 1027 3593 hooP
1046 3540 1075 3595 et
