2378 3930
110 205 155 288 23
347 244 351 251 .
435 202 635 278 ,censoru
652 201 780 259 nunna

75 371 187 434 asunt
202 367 324 441 infesti
342 366 607 452 attingentibus..
634 365 806 433 hominum
833 364 930 451 primi
953 369 1030 432 sunt
1052 365 1130 451 Scy·

108 456 201 541 thas,
221 454 487 542 ¹Scytharumque
515 452 587 539 quis
614 454 735 539 singuli
762 454 849 520 oculi
878 477 948 521 esse
975 455 1129 523 dicuutur

108 544 312 630 Arimaspoe,
331 545 372 610 ab
387 545 437 610 eis
450 543 635 610 Essedones
648 564 751 627 usque
770 543 811 608 ad
824 542 999 611 Maeotida.
1029 544 1129 610 huius

109 633 229 701 flexum
250 633 355 699 fflrces
378 633 484 698 amnis
508 635 607 698 secat
651 630 833 716 Agathyrsi
857 636 893 697 et
914 630 1129 698 Sauromatae

110 722 274 806 ambiunt,
297 722 373 806 quia
390 743 450 805 pro
469 719 601 787 sedibus
619 720 769 804 plaustra
786 720 912 786 habent
930 720 1009 786 dicti
1027 719 1155 786 Ama-⁵

109 810 235 877 robios.
279 810 414 895 obliqua
436 814 514 875 tunc
537 809 578 875 sd
600 808 808 892 Bosphorum
830 809 930 894 plaga
955 830 1127 875 excurrens

74 914 89 962 3
109 897 215 965 Ponto
240 921 277 969 ac
299 898 463 965 Maeotide
485 897 671 963 includitur.
698 897 752 973 ,in
774 897 930 963 Paludem
957 898 1129 982 vergentis

110 985 288 1053 Satarchae
319 990 445 1071 tenent,
477 987 512 1052 in
543 985 751 1070 Bosphorum
783 983 977 1053 Cimmerios
1008 986 1129 1071 oppida

108 1074 326 1159 Murmecion,
351 1075 606 1159 Panticapaeon,
629 1073 827 1152 Theodosia,
848 1075 1064 1159 Hermisium,
1091 1075 1128 1140 in

108 1163 273 1228 Euxinum
296 1185 385 1228 mare
403 1163 541 1228 Taurici.
567 1209 569 1214 -
587 1184 684 1247 super
708 1164 872 1229 cassinus
894 1168 1070 1247 portuosus
1093 1167 1128 1228 et
1141 1181 1175 1221 1⁰-

108 1252 181 1316 ideo
205 1250 303 1318 Calos
331 1252 433 1317 limen
456 1251 639 1336 appellatus
667 1252 901 1335 promunturiis
929 1251 1055 1317 duobus
1077 1251 1127 1316 in·

109 1340 258 1405 cluditur.
308 1341 449 1406 alterum
478 1337 556 1405 Criu
585 1344 741 1423 metopon
772 1346 903 1424 vocant,
932 1338 1126 1407 Carambico

109 1429 195 1512 quod
223 1429 258 1494 in
285 1428 366 1495 Asia
394 1429 536 1494 diximus
564 1450 624 1514 par
652 1432 685 1493 et
713 1428 898 1513 adversum,
925 1428 1127 1495 Parthenion

108 1517 260 1583 alterum.
304 1517 457 1603 oppidum
485 1517 613 1583 adiacet
639 1515 876 1602 Cherronesus,
902 1539 922 1582 a
947 1517 1070 1602 Diana,
1097 1518 1127 1584 si

108 1605 263 1691 creditur,
290 1607 469 1690 conditum,
497 1610 531 1671 et
552 1605 739 1690 nymphaeo
763 1628 862 1691 specu
884 1607 970 1691 quod
995 1607 1030 1672 in
1053 1627 1126 1671 arce
1141 1621 1168 1664 ¹⁶

71 1694 178 1759 4eius
205 1694 359 1779 nymphis
392 1697 554 1759 sacratum
588 1698 637 1758 est
668 1695 808 1759 maxime
839 1696 987 1761 inlustre.
1037 1695 1127 1761 subit

108 1784 179 1846 tum
202 1784 308 1867 ripam
330 1804 434 1865 mare,
462 1786 496 1847 et
523 1783 626 1847 donec
648 1783 790 1868 quinque
817 1784 946 1848 milium
971 1805 1127 1867 passuum

110 1872 217 1953 spatio
241 1871 329 1936 absit
348 1893 368 1935 a
385 1870 558 1955 Maeotide,
579 1870 777 1956 refugientis
799 1894 901 1956 usque
925 1872 1125 1956 subsequens

109 1959 217 2044 litora,
234 1980 334 2044 quarn
349 1959 526 2026 Satarchae
545 1962 579 2024 et
593 1958 723 2025 Taurici
737 1963 850 2025 tenent
862 1980 965 2045 paene
982 1960 1125 2027 insulam

107 2048 221 2114 reddit.
272 2050 358 2133 quod
389 2049 476 2114 inter
501 2048 659 2114 Paludem
691 2053 725 2113 et
757 2049 864 2113 sinum
896 2053 946 2113 est
973 2048 1124 2133 Taphrae
1138 2065 1166 2106 2⁰

106 2138 326 2221 nominantur,
350 2138 438 2203 sinus
458 2136 648 2203 Carcinites.
693 2137 728 2200 in
752 2159 789 2201 eo
809 2137 886 2202 urbs
911 2141 960 2202 est
978 2135 1125 2221 Carcine,

106 2246 205 2307 quam
235 2225 300 2290 duo
331 2224 467 2290 flumina
497 2224 642 2289 Gerrhos
679 2228 714 2288 et
743 2225 908 2308 Ypacares
940 2247 1005 2291 uno
1032 2227 1125 2302 ostio

106 2311 273 2376 effluentia
291 2311 474 2397 adtingunt,
492 2335 604 2377 verum
624 2312 758 2377 dirersis
777 2314 923 2379 fontibus
942 2317 976 2380 et
994 2315 1124 2380 aliunde

107 2399 242 2482 delapsi.
290 2422 368 2465 nam
396 2398 539 2466 Gerrhos
572 2401 656 2465 inter
687 2399 851 2467 Basilidas
884 2407 916 2466 et
946 2401 1125 2487 Nomadas,

72 2502 88 2550 5
112 2487 267 2570 Ypacares
287 2510 347 2572 per
369 2489 531 2555 Nomadas
559 2489 729 2555 evolvitur.
775 2491 877 2556 silvae
903 2491 1018 2557 deinde
1046 2496 1125 2557 sunt
1138 2506 1165 2548 ²⁶

104 2577 754 2752 tattttttttlttltttc
780 2578 1124 2753 eteiin‘lilihlgi

106 2753 250 2819 distenta
275 2754 365 2819 tenui
391 2755 501 2820 radice
528 2754 617 2820 litori
650 2755 848 2841 adnectitur,
874 2761 950 2842 post
978 2758 1124 2842 spatiosa
1175 2799 1178 2804 -

106 3049 112 3059 ‘
176 2985 209 3061 3..
221 2977 406 3049 arimampsae
425 2979 453 3034 A
466 2980 623 3053 Armaspoe
643 2983 671 3038 J.
689 2980 844 3039 &caecius
917 2991 940 3040 7.
959 2983 1080 3039 includit
1093 2983 1122 3038 A

103 3049 288 3105 rncludrturo
341 3051 446 3121 palude
459 3053 489 3106 A
541 3059 567 3108 8.
583 3054 733 3124 serthagae
747 3054 775 3108 A
789 3053 940 3110 Satarchae
954 3074 975 3111 cc
1024 3055 1122 3110 cimer-

102 3119 163 3173 rica
176 3120 204 3172 A
259 3126 300 3175 10.
315 3121 433 3176 tauricis
446 3125 474 3176 A
526 3130 567 3179 14.
583 3124 715 3180 cerrhone
729 3124 758 3179 A
773 3123 960 3181 Cherronesus
974 3127 1123 3182 Barbarus

151 3262 156 3273 ι
174 3197 216 3274 lo.
232 3189 293 3262 cissa
307 3193 335 3247 A
388 3192 521 3250 inlustres
534 3194 576 3249 A¹
590 3195 716 3250 illustres
729 3196 771 3251 A'
843 3204 885 3252 19.
904 3197 979 3266 quod
993 3200 1027 3280 A·
1037 3213 1122 3266 quam

101 3266 315 3401 {negatam}
332 3263 513 3391 31²²oeme
511 3266 666 3391 birsitlildrai0
673 3266 859 3392 ABCCsiiidhs
882 3275 944 3394 ew·
969 3269 1123 3396 alhhhgcilici

101 3401 244 3471 Ypacares
256 3421 308 3473 per
320 3403 463 3460 Nomadas
481 3409 585 3478 accepit
601 3407 714 3464 Vossius
741 3450 743 3454 -
784 3415 827 3465 28.
838 3416 902 3479 post
916 3408 1041 3464 distenta
1055 3411 1121 3466 add.

101 3474 129 3526 A
149 3472 285 3531 excedens
304 3493 366 3534 cum
384 3477 520 3535 Plariano
540 3480 625 3536 deleri
