2378 3930
107 195 151 260 50
453 190 633 249 Pousoiffl
650 188 776 246 Mutuo*

47 358 143 425 100in
169 355 367 441 Propontide
394 358 524 420 tuntum
553 353 777 419 Proconnesos
805 350 991 418 nabi'cccm..
1035 355 1130 419 extis

108 445 361 529 Hellespontum
378 462 587 527 eorumquae
601 443 758 508 Asiaticis
776 441 1131 527 regionibussdisoeni

110 535 313 598 clarissimus
338 535 414 598 sunt
436 531 583 597 Tenedos
607 529 712 616 Sigeis
739 530 878 596 aduorso
899 530 1069 614 hitoribus,
1094 533 1130 595 st

109 645 172 707 quo
201 622 352 688 dicontur·
375 621 490 687 ondins
516 620 557 685 sd
583 620 846 704 promunturium
875 618 976 683 Tauri
1003 618 1128 685 montis

109 711 276 794 expositae
304 731 384 795 ques
418 708 550 794 quidum
579 709 642 774 dioi
673 712 828 792 puteosne
855 707 1024 792 Mucsron,
1056 707 1153 773 sivc⁶

110 799 197 884 quod
233 799 393 864 fortunati
429 797 603 863 admodum
640 797 721 862 cauli
759 796 885 881 solique
923 799 1017 880 sunt,
1059 796 1128 861 sive

110 888 195 972 quod
230 909 285 952 ess
316 908 375 952 suo
403 906 598 970 suorumque
629 905 730 970 regno
757 884 869 950 Macen
899 887 1129 968 occupavero&

48 996 98 1045 101
110 977 145 1040 in
169 974 296 1040 Prende
318 974 443 1040 Lesbos
470 979 503 1038 et
529 975 570 1038 in
587 996 626 1039 ee
650 974 792 1059 quinque
814 973 893 1038 olim
917 972 1039 1058 oppido
1060 972 1129 1037 An·

109 1065 208 1147 tissa,
229 1062 368 1147 Pyrrhus
391 1061 525 1145 Eresos,
548 1061 752 1146 Methymno,
774 1061 951 1146 Mitylenes
972 1062 1007 1126 'm
1034 1060 1129 1126 lonis

110 1151 212 1217 Chios
243 1155 277 1216 et
308 1149 436 1234 Samos,
467 1151 503 1215 in
530 1149 627 1216 Garis
658 1147 757 1234 Coos,
788 1151 829 1214 in.
849 1151 954 1234 Lycia
983 1144 1127 1214 Rhodos.
1140 1165 1165 1206 ¹⁰

110 1241 147 1305 in
181 1238 248 1304 illis
286 1239 433 1322 singulae
471 1242 549 1303 sunt
583 1239 686 1304 isdem
721 1239 909 1304 nominibus
945 1238 1059 1321 urbes,
1095 1239 1130 1302 in

110 1327 228 1393 Rhodo
252 1330 318 1392 tres
342 1327 505 1410 quondam
529 1332 623 1392 erant
645 1325 779 1411 Lindos,
803 1326 965 1410 Caminos,
992 1318 1147 1415 Ialysos,

49 1435 99 1485 102
112 1437 194 1499 quos
218 1419 330 1480 contre
349 1415 448 1481 Tauri
471 1415 732 1500 promunturium
751 1417 924 1500 inportune
947 1415 1129 1499 naviganti·

110 1504 171 1568 bus
201 1502 352 1569 obisceni
375 1502 586 1571 Chelidoniae
612 1505 829 1570 nominantur.
874 1505 911 1569 in
933 1505 1005 1569 sinu
1033 1520 1129 1587 quem

110 1591 290 1657 maximum
325 1592 407 1657 Asis
445 1594 568 1677 recepit
607 1614 710 1677 pnops
751 1593 859 1658 medis
899 1591 1048 1677 Cypros,
1085 1591 1126 1657 sd
1140 1604 1166 1647 1⁸

111 1683 223 1746 ortum·
254 1702 467 1766 occasumque
505 1686 599 1746 rcoto
633 1683 710 1767 iugo
749 1703 784 1746 ss
820 1681 1006 1765 inmittens,
1043 1680 1129 1745 inter

113 1768 265 1834 Ciliciam
294 1767 469 1854 Syriesquc
501 1771 692 1855 porrigitur,
723 1770 854 1855 ingens,
886 1774 925 1834 ut
955 1788 1037 1853 quos
1070 1769 1130 1833 sli-

112 1857 242 1941 qusndo
269 1879 387 1923 novem
414 1878 517 1945 regns
545 1859 666 1943 ceponii
696 1862 730 1923 et
758 1878 844 1924 nune
877 1859 1006 1943 aliquot·
1031 1858 1129 1924 urbes

111 1946 210 2024 ferat,
243 1968 379 2031 quarum
411 1947 617 2013 clarissimes·
645 1945 800 2031 Sslsmis,
836 1945 967 2030 Paphos
999 1949 1033 2011 ot
1064 1966 1129 2030 quo

110 2035 253 2118 primum
272 2057 311 2100 ex
334 2036 416 2100 muri
433 2032 596 2102 Venerem
620 2056 789 2122 egressum-
808 2036 936 2101 scoolso
955 2034 1129 2100 adfirmant
1141 2050 1167 2091 π

50 2138 100 2187 103
111 2123 348 2208 Palaepaphos
383 2123 528 2190 Pambos
552 2126 585 2190 in
604 2124 767 2190 Phoenice
790 2127 841 2190 est
857 2143 960 2208 psius
978 2129 1012 2188 et
1028 2144 1128 2208 quan·

111 2215 184 2275 tum
206 2215 392 2294 pateticis
415 2214 581 2297 oppidum,
603 2213 756 2298 frequens
776 2217 901 2295 tomen,
929 2213 1007 2297 quis
1029 2213 1128 2277 etiam

112 2300 964 2473 thtttttttmititt‘tthtthttt
977 2299 1129 2454 titt

113 2475 312 2560 gubernator
335 2474 487 2561 Canopus
510 2479 557 2543 ibi
578 2479 663 2544 forte
686 2479 828 2544 moriens
850 2498 970 2543 nomen
992 2479 1168 2563 insulsess

50 2579 102 2628 104
111 2564 170 2629 ills
194 2565 280 2630 ostio
304 2565 402 2632 dedit
447 2565 574 2633 Phoros
596 2588 683 2633 nuno
700 2566 917 2633 Alexandriae
935 2569 1034 2650 ponte
1053 2581 1128 2632 oon·

112 2653 270 2739 iungitur,
293 2653 382 2740 olim,
404 2658 442 2721 ut
459 2654 634 2721 Homerico
654 2657 797 2722 cuimine
819 2655 984 2740 proditum
1003 2658 1064 2739 cst,
1086 2653 1128 2720 eh

111 2740 233 2805 eisdem
261 2742 328 2808 oris
356 2763 452 2808 cursu
479 2744 543 2810 diei
569 2745 671 2811 totius
695 2744 848 2828 abducta,
880 2747 915 2809 et
943 2745 971 2809 si
997 2745 1045 2808 its
1075 2762 1129 2808 res

108 2827 187 2913 fuit,
215 2829 319 2894 videri
341 2835 452 2915 potest
479 2834 744 2898 consectantibus
766 2834 802 2898 in
823 2836 954 2898 tuntum
982 2835 1129 2898 mutotue

110 2938 225 2982 causas
260 2916 375 2983 Nilum
410 2921 618 3005 praebuisse,
655 2920 733 2987 dum
768 2921 883 2986 limum
920 2921 1056 2986 subinde
1093 2924 1127 2985 et
1140 2937 1168 2978 so

109 3007 283 3091 praecipue
307 3028 381 3072 eum
400 3009 577 3074 exundaret
594 3010 685 3074 litori
704 3009 876 3076 adnectens
896 3013 994 3096 auget
1011 3013 1128 3094 terras,

170 3186 205 3260 ¹3..
226 3180 329 3250 sigsois
346 3181 375 3235 A
437 3187 462 3236 9.
480 3182 611 3264 pyrmA
674 3183 830 3266 orhesosA
894 3189 935 3239 12.
955 3198 1082 3285 campros
1101 3184 1130 3238 A

127 3249 248 3330 ¹111sos
266 3252 294 3307 A
312 3252 454 3320 Inlysoso
520 3259 561 3307 13.
580 3254 729 3324 inportune
747 3254 788 3308 A¹
806 3256 965 3324 importune
984 3255 1012 3308 A
1085 3261 1128 3309 14.

111 3322 241 3405 smumA
296 3330 338 3379 16.
354 3339 384 3378 ss
396 3323 542 3378 inmittens
555 3327 633 3378 recto
646 3324 714 3408 iugo
724 3325 751 3380 A
765 3327 844 3380 recto
858 3325 926 3394 iugo
940 3342 968 3380 so
982 3325 1129 3381 inmittens

155 3463 613 3520 tm
658 3415 1129 3522 n„
