2378 3930
353 201 525 258 murronis
544 200 761 260 PRAEFATIO.
1013 201 1066 258 VH

49 350 131 414 haec
157 353 187 413 et
211 353 248 412 at
269 347 405 414 Parthos
431 349 521 431 sipha
545 352 731 433 repetamus,
758 348 901 413 oddaram
923 349 1064 431 inpreca-

50 440 147 504 tiones
170 435 303 503 &assas
329 443 359 502 et
382 439 496 502 meruit
516 442 547 501 et
567 438 683 503 inrisit.
727 437 763 500 in
787 437 904 521 quihus
926 438 1063 502 uerbum

51 527 181 612 quidem
208 526 374 609 repetendi
397 526 520 610 poetice
543 529 767 590 constructum
790 529 923 590 exeusat
944 527 1064 610 poetici

50 615 191 699 exempli
214 613 324 700 [Verg.
348 613 428 679 Aen.
451 613 618 696 V11606]
646 614 803 699 imitatio,
831 614 887 679 sed
914 614 994 679 illud
1016 635 1063 680 re-

43 710 189 789 premes
216 705 296 768 adeo
324 703 509 787 perhorruit
531 702 681 768 Halmius
709 702 806 768 utin
834 706 959 768 textum
986 704 1064 769 reci·

50 798 143 878 peret
163 799 363 876 repeteremus
385 793 565 857 mutatione
585 791 693 857 hercle
711 814 777 858 non
794 792 867 856 leni.
905 814 983 856 narn
1001 793 1064 856 etsi

51 882 196 948 omniurn
222 881 275 946 uel
298 882 559 947 foedissimarum
581 881 836 965 corruptelarum
855 881 948 965 quasi
966 902 1064 965 quen·

51 971 126 1035 dam
145 971 334 1036 thesaurum
354 972 424 1035 iure
441 971 548 1055 possis
566 991 684 1035 uocare
698 970 794 1035 huius
812 970 916 1035 libelli
929 973 1064 1055 textum,

50 1063 162 1124 tamen
184 1063 443 1144 permutatorum
466 1059 529 1124 hoc
549 1059 647 1125 -modo
667 1063 849 1142 temporum
865 1080 935 1123 -non
953 1059 1063 1143 depre-

51 1148 149 1213 hendi
167 1150 358 1233 exemplum.
394 1148 469 1232 quid
487 1169 575 1231 uero,
595 1149 622 1213 si
641 1149 750 1212 uerbis
768 1153 805 1213 at
822 1148 957 1213 Parthas
973 1149 1065 1231 sepau

49 1243 221 1320 repetamus
248 1260 315 1302 non
341 1238 447 1303 solum
477 1237 518 1301 ad
545 1259 661 1303 aeuum
688 1237 901 1322 praeteritum
923 1238 1065 1321 respexit

52 1324 220 1411 Caecilius,
244 1326 300 1391 sed
323 1328 506 1412 neglectam
525 1348 544 1390 a
563 1325 682 1392 Crasso
701 1326 892 1412 religionem
910 1326 1010 1390 etiarn
1028 1325 1064 1390 in

50 1416 268 1499 praesentiam
282 1415 391 1479 ualere
406 1414 625 1499 significauit?
647 1437 723 1479 nam
737 1416 824 1500 quod
837 1437 905 1480 non
919 1415 954 1478 in
967 1436 1064 1479 omne

49 1508 179 1586 tempus
208 1505 334 1567 contusi
358 1504 424 1566 sint
446 1503 573 1585 Parthi,
600 1503 655 1567 sed
679 1508 792 1588 postea
816 1525 944 1588 semper
965 1505 1064 1569 laces-

51 1592 167 1656 sierint
181 1590 348 1655 Romanos
368 1591 477 1674 eisque
491 1590 559 1655 hoo
569 1592 639 1674 ipsc
653 1593 761 1674 spatio
777 1592 902 1656 cladem
916 1593 1063 1656 omnium

51 1681 279 1765 grauissimam
307 1680 611 1762 acerbissimamque
638 1679 822 1763 intulerint,
849 1684 960 1763 potest
985 1700 1064 1746 sane

52 1768 212 1833 Caecilius
227 1769 375 1833 deriuare
389 1790 428 1832 ex
443 1766 553 1834 Crassi
568 1768 651 1832 male
666 1784 746 1833 sana
758 1767 924 1851 inpietate.
948 1769 1064 1852 quodsi

50 1859 107 1922 ille
133 1855 306 1921 Seruiliani
333 1857 435 1942 legati
461 1857 664 1941 legionisque
688 1856 855 1922 Romanae
882 1858 969 1941 apud
993 1857 1064 1923 Elle-

51 1947 141 2031 giam
163 1946 416 2011 internecionem
439 1949 472 2010 et
495 1946 625 2029 bellum,
650 1966 714 2029 quo
732 1944 837 2023 Verus
859 1947 948 2011 ultor
969 1946 1064 2010 annis

54 2036 117 2098 162
149 2038 183 2099 et
212 2035 276 2100 163
304 2034 446 2099 Parthos
473 2035 674 2119 profligauit,
706 2033 869 2119 designat,
902 2056 941 2098 ex
967 2034 1064 2099 huius

51 2122 224 2187 Parthicae
245 2122 460 2206 expeditionis
479 2122 642 2187 mentione
659 2123 809 2208 equidem
829 2122 958 2207 conligo
977 2124 1065 2188 intra

50 2210 112 2276 hos
139 2211 229 2295 ipsos
257 2233 360 2277 annos
392 2212 455 2276 162
482 2215 516 2276 et
547 2211 609 2276 163
634 2211 800 2297 dialogum
822 2216 973 2276 nostrum
996 2213 1065 2277 siue

51 2299 163 2364 Ostiae
181 2299 368 2385 habitum*)
389 2301 458 2364 siue
478 2299 653 2366 aMinuoio
672 2300 707 2365 in
726 2301 892 2384 publicum
911 2301 1065 2366 emissum

51 2411 130 2453 esse.
167 2409 243 2453 nam
267 2389 376 2473 potuit
398 2411 476 2454 sane
495 2388 592 2474 Felix,
615 2389 846 2475 disputationis
869 2390 950 2454 olim
972 2390 1064 2455 insti·

50 2479 142 2542 tutae
170 2498 330 2543 summam
358 2479 516 2544 memoria
539 2483 652 2543 tenens
676 2500 749 2544 cum
772 2479 871 2544 cartis
895 2478 1064 2544 mandatu·

50 2588 106 2630 rus
129 2568 163 2631 in
187 2567 325 2651 singulis
348 2567 447 2631 latius
471 2572 727 2652 persequeretur,
751 2589 819 2631 rem
844 2589 882 2632 eo
905 2567 979 2650 ipso
999 2589 1062 2651 quo

52 2655 182 2737 scripsit
204 2662 350 2738 tempore
372 2657 492 2721 iactam
517 2657 658 2720 sermoni
681 2657 760 2720 olim
781 2655 895 2719 habito
914 2655 1065 2720 inserere

118 2742 181 2806 Est
207 2743 311 2828 igitur
333 2744 494 2809 Minucius
516 2743 610 2809 Felix
636 2748 674 2809 ut
700 2744 786 2808 inter
813 2764 925 2808 omnes
952 2743 1063 2827 apolo-

122 2917 146 2986 ·)
163 2917 269 2998 [fictam
284 2933 344 2971 esse
362 2918 436 2972 hanc
455 2917 674 3000 disputationem
689 2915 856 2999 Ostiensem,
875 2933 931 2972 non
949 2934 1064 3000 possum

50 2987 203 3043 concedere
223 2989 363 3042 Richardo
383 2988 587 3055 Kuehn,cu1us
606 2989 768 3042 dissertatio
789 2987 850 3042 ‘der
864 2988 996 3044 ceruus
1016 2989 1064 3043 der

50 3059 119 3115 Min.
139 3057 228 3112 Felix’
251 3057 362 3128 Lipsiae
383 3064 451 3114 1882
475 3058 552 3113 edita
575 3058 645 3112 mihi
667 3059 725 3113 iem
742 3059 815 3114 haec
831 3059 990 3130 typothetis
1008 3062 1065 3114 trs·

51 3131 145 3184 diturc
163 3130 194 3183 in
211 3147 310 3184 manus
329 3129 415 3184 uenit.
452 3129 582 3199 procedit
599 3132 695 3184 autem
714 3128 857 3184 Kuehnius
875 3146 908 3185 eo
926 3147 1015 3200 usque
1033 3131 1066 3185 ut

50 3200 142 3271 ipsam
161 3200 272 3255 Octauii
293 3215 444 3270 personam
465 3201 558 3256 totam
580 3201 744 3255 ementitam
758 3213 828 3255 aare
846 3202 957 3268 innuat,
981 3203 1065 3271 plane

50 3273 105 3327 hoc
124 3289 158 3326 ex
175 3275 272 3327 nostra
287 3273 429 3327 sententia
440 3271 662 3342 inprobabiliter,
681 3271 821 3341 siquidem
833 3273 894 3328 tam
908 3271 1067 3342 prohoemii

51 3360 136 3412 quam
160 3344 263 3412 reliqui
285 3342 393 3412 dialogi
411 3342 483 3398 adeo
502 3345 568 3398 sunt
584 3341 676 3398 uiuidi
693 3344 816 3413 colores,
838 3345 872 3398 ut
888 3343 962 3398 huno
982 3343 1065 3398 Oeta·

51 3414 130 3468 uium
148 3414 308 3468 Ianuarium
330 3430 388 3468 non
409 3415 502 3469 minue
525 3432 610 3485 quam
628 3412 661 3480 Q.
675 3413 832 3470 Caecilium
850 3414 996 3483 Natalem,
1020 3414 1066 3469 oui

50 3485 97 3539 uel
128 3485 236 3554 lapidee
258 3485 367 3540 iaciunt
388 3486 486 3559 iidem,
514 3487 552 3542 ad
572 3500 675 3543 uerum
697 3502 760 3542 esse
783 3486 935 3555 depictum
950 3494 1009 3551 pro
1029 3487 1080 3534 ex-

39 3555 156 3621 plorato
173 3557 320 3629 habeam]
