2378 3930
353 193 523 250 EDITORIS
542 193 757 255 PRAEFATIO.
959 196 1064 254 XXVII

51 341 173 406 dictum
201 339 280 403 illud
308 338 342 402 in
370 339 485 422 capitis
513 341 601 405 tertii
630 341 724 406 initio
747 342 919 424 prolatum.
964 343 1063 408 miror

51 433 160 494 autem
184 427 352 494 Goetzium
376 428 576 494 rectissimae
599 431 858 514 interpretationi
881 452 948 496 non
970 431 1064 496 insti·

50 519 131 582 tissa
155 518 195 582 ad
218 538 331 582 uerum
354 516 542 602 eruendum,
569 519 625 582 sed
649 519 867 584 coniecturam
891 517 1064 584 Stieberia·

50 629 136 691 nam,
159 628 256 691 quam
279 605 345 669 iam
368 605 530 670 sententia
550 627 677 692 quoqne
700 607 829 691 refutat,
851 607 1063 673 nihilominus

51 699 83 760 et
115 696 222 779 ipsum
255 715 325 758 esse
358 694 551 778 amplexum.
591 717 678 761 nunc
705 696 792 760 enim
825 697 928 761 multo
958 696 1065 781 magis

49 784 248 868 quaerimus,
277 803 341 866 quo
364 781 432 847 iure
456 782 525 848 siue
553 784 693 868 pistores
720 785 790 849 siue
814 781 993 850 Christiani
1022 784 1064 849 ad

50 895 122 938 eam
152 895 248 956 quam
282 870 433 934 nouimus
464 869 630 937 familiam
651 872 838 938 Plautinam
865 873 1062 958 pertinuisse

50 961 206 1026 dicantur.
238 959 335 1024 facile
355 963 463 1023 autem
485 960 652 1045 sentimus,
674 963 853 1046 perfectum
871 962 942 1026 fieri
961 962 1062 1027 salem

50 1048 278 1126 Caecilianum,
301 1049 330 1112 si
348 1046 503 1114 Octauius
522 1071 593 1114 eam
613 1052 755 1116 exercuit
773 1055 886 1135 artem,
909 1051 944 1114 in
965 1073 1062 1136 quam

49 1139 123 1202 illae
154 1138 325 1222 prosapiae
347 1137 517 1203 Plautinae
540 1141 758 1223 proprietates
781 1140 863 1204 bene
891 1139 1062 1224 quadrant.

48 1249 131 1312 quae
159 1248 194 1292 re
221 1248 299 1291 uera
322 1227 451 1311 egregie
464 1228 635 1310 ‘quadrant
659 1229 694 1292 in
716 1227 926 1311 causidicum,
956 1228 1061 1311 qualis

50 1315 205 1381 Octauius
229 1319 299 1380 erat
322 1312 364 1401 (c.
383 1316 435 1397 28,
454 1313 504 1401 3),
533 1317 692 1401 siquidem
714 1315 770 1380 ille
793 1316 932 1382 latrator
955 1320 988 1380 et
1012 1337 1062 1381 ca·

48 1407 160 1469 ninum
192 1403 334 1468 studium
364 1424 514 1468 exercens
544 1405 753 1489 similiterque
781 1405 866 1488 apud
893 1404 1060 1471 Romanos

49 1493 162 1558 audiit.
202 1511 307 1573 neque
330 1494 442 1555 umen
464 1491 541 1557 hinc
568 1493 672 1576 probo
695 1493 728 1557 id
752 1492 837 1577 quod
861 1493 1061 1579 excogitauit

47 1580 185 1646 lacobus
214 1577 396 1647 Gronouius
426 1577 596 1644 ‘ictorum'
626 1580 694 1644 siue
723 1580 1062 1664 ‘iurisconsultorum'‚

48 1670 168 1754 quippe
201 1688 282 1751 quos
315 1689 334 1730 a
365 1666 536 1732 causidicis
569 1668 715 1733 diuersos
751 1668 894 1733 familiae
926 1670 1061 1734 caninae

47 1761 185 1825 societas
201 1777 269 1821 non
283 1760 402 1820 teneat.
429 1755 544 1821 melius
558 1757 676 1822 fuisset
690 1756 858 1823 ‘actorum'
873 1757 927 1822 uel
943 1757 1061 1843 ‘patro-

48 1845 183 1911 norum’.
225 1844 282 1910 sed
308 1844 403 1908 huius
432 1845 576 1910 notionis
599 1846 794 1912 uocabulum
816 1845 971 1912 litterulis
994 1850 1061 1912 tra-

49 1935 125 2000 ditis
145 1935 249 2018 magis
269 1932 421 1998 accedens
441 1933 517 1996 dum
536 1955 664 2019 quaero,
686 1956 799 2000 uerum
819 1956 889 2000 esse
908 1936 1062 2020 apparuit

49 2018 231 2089 ‘ditiorum'
252 2022 320 2085 siue
339 2020 568 2104 ‘disertorum'‚
591 2024 751 2108 siquidem
769 2024 905 2089 uerbum
924 2022 1060 2089 ‘diserti'

49 2111 103 2197 (de
126 2133 190 2196 quo
219 2109 423 2175 substantioe
452 2111 560 2194 posito
590 2111 629 2176 cf.
653 2112 759 2178 Taciti
787 2113 861 2178 dial.
884 2134 911 2178 c.
928 2110 962 2198 1)
987 2134 1060 2177 cum

47 2204 237 2283 contemptu
261 2202 407 2263 oratores
430 2197 576 2264 forenses
600 2199 742 2267 denotat.

113 2310 139 2354 c.
156 2289 206 2372 16,
223 2288 243 2352 2
261 2289 315 2352 sed
331 2289 366 2352 iu
381 2287 494 2352 Nuteii
511 2308 576 2354 mec
588 2291 758 2374 aamticm
776 2290 855 2373 uolo,
873 2310 937 2356 nou
954 2291 1059 2356 credo:

42 2378 152 2459 procui
169 2381 214 2443 est
230 2377 269 2441 ab
287 2378 353 2442 eius
370 2376 567 2458 simplicitate
581 2378 704 2444 subtilis
717 2379 887 2444 urbanitas.
914 2379 1059 2462 ineptam

47 2488 104 2550 per
126 2488 160 2530 se
183 2466 333 2531 uoculam
357 2464 457 2530 ‘nolo'
479 2464 597 2551 (neque
621 2467 802 2552 enimhoc,
825 2468 911 2532 sitne
930 2466 1058 2532 Natalis

47 2558 195 2619 uersutus
227 2575 342 2638 necne,
374 2555 415 2618 ab
445 2552 562 2620 Octaui
594 2557 763 2621 uoluntate
795 2554 927 2640 pendet)
955 2577 1058 2640 neque

46 2647 213 2708 coeuntem
239 2639 290 2727 (ut
312 2643 447 2728 agnouit
464 2641 643 2730 Usenerus)
663 2665 735 2709 cum
759 2644 968 2728 sequentibus
991 2644 1058 2708 illis

48 2731 124 2796 ‘non
144 2729 250 2795 credo'
271 2731 318 2795 sic
336 2731 412 2796 licet
430 2731 582 2796 retinere:
608 2731 796 2797 ‘uersutiam
817 2732 893 2797 nolo
912 2753 1059 2798 noscere:

46 2819 152 2902 credo,
171 2819 284 2902 procul
302 2817 364 2884 est'
379 2840 443 2902 eqs.
472 2821 593 2885 omisso
613 2820 738 2885 scilicet
757 2819 832 2884 ‘ere’
848 2824 923 2885 ante
938 2819 1057 2887 ‘credo'

46 2931 84 2973 ex
100 2905 202 2972 ‘noso'
218 2907 322 2972 euasit
336 2905 434 2973 ‘non'.
466 2929 571 2992 neque
590 2930 667 2974 uero
687 2908 873 2995 displicebit
890 2911 947 2974 aut
963 2931 1058 2994 asyn-

46 2998 144 3062 deton
163 2995 390 3078 explicatiuum
409 3001 466 3061 aut
485 2995 603 3061 ‘credo'
623 2999 658 3062 in
675 2997 770 3063 initio
785 2997 928 3081 positum
942 2997 1057 3084 (Hein-

46 3086 168 3152 dorfius
191 3082 232 3148 ad
255 3083 333 3149 Hor.
353 3091 413 3150 sat.
431 3084 448 3148 Ι
466 3085 496 3167 3,
519 3081 587 3170 53).

113 3172 268 3255 e.16‚5
304 3174 416 3238 diuites
448 3172 650 3253 facultatibus
684 3176 750 3240 sup
780 3175 926 3259 iuiiputos
957 3177 1058 3258 inopis

45 3283 161 3328 aarum
182 3262 334 3344 suspicere
355 3281 510 3328 emissesse
532 3282 626 3345 quum
648 3263 779 3343 caelum,
805 3269 957 3329 maeatas
976 3285 1059 3348 puu-

40 3372 130 3434 peres
153 3356 182 3415 et
208 3356 389 3416 commentos
411 3370 473 3416 esse
496 3353 694 3433 prudentiam
717 3357 747 3418 et
768 3353 931 3418 tradedisse
953 3355 1058 3418 ceteris

45 3440 251 3521 disciplinam.
283 3462 440 3524 pauperes
457 3439 644 3504 ‘nostrates'
663 3462 730 3506 non
748 3445 888 3526 possunt
903 3462 978 3503 esse
992 3441 1068 3502 nisi

42 3527 225 3612 christiani,
255 3528 310 3612 qui
335 3532 446 3595 tamen
469 3551 576 3618 neque
602 3529 789 3623 quidquam
807 3530 852 3594 in
869 3522 1095 3609 pnnoan‘nxa
