2378 3930
44 206 125 295 [138]
308 230 471 271 excessero
492 233 534 273 ux
556 230 696 273 musaeo.
902 205 964 275 139
1002 286 1005 291 Ι

110 360 140 423 2.
165 362 229 423 Duo
253 360 358 423 calculi
380 365 501 424 ceratim
524 363 645 425 faciunt.

109 462 139 526 3.
164 462 309 535 Quattuor
331 462 435 525 calculi
456 465 516 527 sire
539 464 597 525 duo
620 466 741 527 ceratim
757 464 878 527 obolum
893 466 961 527 red·

43 566 129 626 dunt.
541 626 544 633 ,

109 665 140 728 4.
163 667 225 727 lluo
249 666 328 727 oboli
351 666 515 747 scripulum
538 667 695 747 complent.

110 767 140 830 5.
165 769 238 829 Tres
261 767 384 846 scripuli
406 768 559 847 dragmam
581 771 701 831 iaciunt.
980 780 996 829 5

109 868 139 931 6.
163 871 290 948 Dragma
319 890 395 950 quac
424 878 538 932 constat
568 872 680 950 siliquis
709 872 735 933 X
763 880 791 933 et
819 873 897 943 Vlll,
934 882 963 934 et

43 971 194 1052 scripulus
223 973 273 1050 qui
302 980 346 1033 est
374 991 409 1033 ex
437 973 549 1051 siliquis
571 991 637 1043 sex,
668 983 697 1035 et
719 972 824 1036 obolus
847 976 895 1054 qui
919 982 964 1035 est

43 1094 84 1135 ex
106 1074 210 1145 tribus,
235 1075 427 1154 quadrantem
451 1075 580 1136 efficiunt
603 1077 803 1137 continentem
825 1077 855 1137 in
876 1096 908 1139 sc
924 1079 962 1138 si·

48 1175 144 1255 liquas
165 1175 278 1236 XXVll.

112 1276 140 1338 t.
164 1279 228 1338 Duo
251 1279 430 1357 quadrantes
452 1284 591 1339 staterem
614 1280 735 1340 iaciunt.
980 1287 1013 1335 10

111 1376 140 1439 8.
164 1379 227 1439 lluo
250 1387 374 1441 stateres
397 1381 514 1441 unciam
536 1381 673 1441 reddunt.

111 1479 140 1541 9.
163 1481 246 1542 luxta
262 1480 360 1542 Gallos
382 1483 521 1557 vigesima
544 1500 613 1560 pars
635 1484 738 1543 unciae
754 1484 892 1544 denarius
908 1490 960 1553 est,

45 1591 76 1644 ct
99 1582 253 1644 duodecim
276 1584 390 1644 denarii
412 1581 538 1644 solidum
559 1583 696 1643 reddunt.
735 1584 861 1663 ideoque
882 1586 961 1644 iuxta

47 1703 205 1745 numerum
234 1685 423 1745 denariorum
457 1692 518 1744 tres
553 1686 658 1745 unciae
691 1686 820 1763 quinque
853 1684 962 1746 solidos

47 1785 205 1864 complent.
250 1788 293 1847 sic
323 1794 352 1845 et
379 1789 509 1865 quinque
537 1785 621 1846 solidi
649 1786 678 1846 in
708 1792 768 1846 tres
789 1787 892 1846 uncias
914 1804 961 1847 re·
981 1794 1013 1842 15

45 1889 147 1948 deunt
186 1907 254 1948 narn
278 1888 434 1948 duodecim
456 1888 561 1947 unciae
576 1886 682 1947 libram
697 1887 751 1947 XX
766 1886 875 1947 solidos
892 1906 962 1947 con·

46 1992 189 2050 tinentem
207 1990 346 2049 efficiunt.
385 1989 437 2048 sed
460 1997 575 2049 veteres
598 1988 723 2049 solidum
746 1990 796 2065 qui
817 2005 895 2048 nunc
911 2006 962 2048 au·

48 2109 119 2151 reus
143 2090 249 2150 dicitur
272 2089 491 2169 nuncupabant.

115 2224 163 2285 10.
186 2225 274 2286 Libra
298 2225 403 2285 dicitur
426 2226 565 2305 quicquid
586 2243 640 2303 per
656 2225 832 2286 duodenarii
847 2225 963 2285 numeri
1075 2221 1079 2233 “

48 2328 262 2407 perlectionem
285 2327 470 2405 adimpletur.
511 2346 579 2388 narn
601 2327 676 2388 libra
706 2327 763 2387 dici
791 2334 889 2407 potest
910 2344 962 2387 an·
981 2333 1014 2382 20

49 2447 114 2498 nus,
139 2430 189 2506 qui
213 2436 326 2489 constat
349 2448 385 2489 ex
407 2429 460 2490 llll
482 2429 665 2508 temporibus
688 2437 716 2490 et
733 2429 786 2490 Xll
800 2427 961 2497 mensibus,

45 2537 77 2591 et
101 2550 136 2590 ex
158 2531 181 2591 L
204 2531 318 2591 duabus
341 2531 553 2592 ebdomadibus
576 2543 605 2592 et
627 2532 675 2592 die
696 2529 759 2591 ivel
789 2530 961 2610 quadrante.

47 2632 121 2692 libra
152 2651 217 2693 esse
244 2640 342 2711 potest
370 2632 591 2712 aequinoctialis
620 2633 683 2693 dies
706 2634 769 2692 sine
791 2650 843 2691 sua
865 2638 961 2699 nocte,

48 2735 100 2811 qui
130 2740 245 2793 constat
271 2734 323 2794 Xll
351 2735 442 2796 horis.
486 2735 560 2795 hora
588 2742 705 2794 constat
733 2753 768 2794 ex
791 2732 814 2790 V
836 2734 962 2811 punctis,

47 2835 72 2894 X
96 2835 231 2900 minutis,
255 2835 305 2894 XV
327 2836 468 2914 partibus,
492 2836 542 2896 XL
565 2837 731 2903 momentis,
756 2834 806 2894 LX
828 2836 960 2895 ostentis.
980 2841 1013 2888 25

48 2936 122 2996 bora
152 2940 249 2995 autem
279 2936 336 2995 diei
364 2937 526 2997 secundum
555 2935 625 2998 solis
648 2953 769 2996 cursum
791 2935 814 2993 V
836 2942 963 3014 punctos

48 3036 152 3106 babet,
182 3037 261 3095 iuxta
289 3036 388 3097 lunam
412 3037 473 3098 llll.
519 3056 586 3097 nam
616 3037 694 3097 libra
716 3038 746 3095 in
768 3035 961 3114 ponderibus,

48 3140 79 3197 in
107 3139 256 3199 mensuris
284 3136 425 3198 arborum
454 3139 499 3198 vel
527 3139 620 3216 spatio
646 3146 795 3199 terrarum
819 3137 862 3198 rel
885 3145 962 3199 statu

50 3237 190 3307 bominis,
220 3257 274 3316 per
303 3239 433 3300 diversas
461 3258 615 3301 mensuras
642 3241 672 3299 in
700 3239 881 3301 duodenario
908 3257 962 3298 nu·

51 3356 132 3399 mero
156 3340 359 3418 conprehendi
382 3348 487 3418 potest.

120 3579 159 3627 12.
178 3578 298 3628 dinarius
319 3580 340 3629 G
358 3578 385 3644 (e
404 3597 439 3630 ex
457 3578 564 3643 isocto)
638 3582 680 3631 22.
698 3578 755 3644 vel]
776 3582 830 3642 leqe
851 3580 878 3625 et
