<?xml version="1.0" encoding="UTF-8"?>
<!DOCTYPE html PUBLIC "-//W3C//DTD XHTML 1.0 Transitional//EN"
    "http://www.w3.org/TR/xhtml1/DTD/xhtml1-transitional.dtd">
<html xmlns="http://www.w3.org/1999/xhtml" xml:lang="en" lang="en">
 <head>
  <title>
</title>
<meta http-equiv="Content-Type" content="text/html;charset=utf-8" />
  <meta name='ocr-system' content='tesseract 3.04.00' />
  <meta name='ocr-capabilities' content='ocr_page ocr_carea ocr_par ocr_line ocrx_word'/>
</head>
<body>
  <div class='ocr_page' id='page_1' title='image "./pomponiimelaede02melagoog_0129.png"; bbox 0 0 2378 3930; ppageno 0'>
   <div class='ocr_carea' id='block_1_1' title="bbox 185 184 738 256">
    <p class='ocr_par' dir='ltr' id='par_1_1' title="bbox 185 184 738 256">
     <span class='ocr_line' id='line_1_1' title="bbox 185 184 738 256; baseline 0 -23"><span class='ocrx_word' id='word_1_1' title='bbox 185 192 222 256; x_wconf 81' lang='lat' dir='ltr'>ry</span> <span class='ocrx_word' id='word_1_2' title='bbox 414 184 420 195; x_wconf 86' lang='grc'><em>“</em></span> <span class='ocrx_word' id='word_1_3' title='bbox 550 193 738 235; x_wconf 74' lang='lat' dir='ltr'>enarrarre.</span> 
     </span>
    </p>
   </div>
   <div class='ocr_carea' id='block_1_2' title="bbox 144 326 1110 1844">
    <p class='ocr_par' dir='ltr' id='par_1_2' title="bbox 144 326 1110 1755">
     <span class='ocr_line' id='line_1_2' title="bbox 187 326 1110 405; baseline -0.002 -15"><span class='ocrx_word' id='word_1_4' title='bbox 187 334 218 390; x_wconf 92' lang='lat' dir='ltr'>ll</span> <span class='ocrx_word' id='word_1_5' title='bbox 232 332 315 389; x_wconf 76' lang='lat' dir='ltr'>Aret.</span> <span class='ocrx_word' id='word_1_6' title='bbox 334 335 412 387; x_wconf 83' lang='grc'>1854</span> <span class='ocrx_word' id='word_1_7' title='bbox 427 329 519 405; x_wconf 89' lang='lat' dir='ltr'>(quem</span> <span class='ocrx_word' id='word_1_8' title='bbox 534 329 633 387; x_wconf 88' lang='lat' dir='ltr'>librum</span> <span class='ocrx_word' id='word_1_9' title='bbox 649 328 797 404; x_wconf 80' lang='lat' dir='ltr'>significavi</span> <span class='ocrx_word' id='word_1_10' title='bbox 813 337 879 385; x_wconf 92' lang='lat' dir='ltr'>nota</span> <span class='ocrx_word' id='word_1_11' title='bbox 897 326 975 401; x_wconf 83' lang='lat' dir='ltr'>Spe).</span> <span class='ocrx_word' id='word_1_12' title='bbox 1004 328 1060 387; x_wconf 86' lang='lat' dir='ltr'>Neo</span> <span class='ocrx_word' id='word_1_13' title='bbox 1074 330 1110 388; x_wconf 87' lang='lat' dir='ltr'>ad</span> 
     </span>
     <span class='ocr_line' id='line_1_3' title="bbox 186 413 1107 489; baseline -0.005 -15"><span class='ocrx_word' id='word_1_14' title='bbox 186 420 277 476; x_wconf 89' lang='lat' dir='ltr'>locum</span> <span class='ocrx_word' id='word_1_15' title='bbox 292 418 325 472; x_wconf 91' lang='lat' dir='ltr'>de</span> <span class='ocrx_word' id='word_1_16' title='bbox 340 417 399 489; x_wconf 80' lang='lat' dir='ltr'>egri</span> <span class='ocrx_word' id='word_1_17' title='bbox 417 416 554 471; x_wconf 82' lang='lat' dir='ltr'>mensuris</span> <span class='ocrx_word' id='word_1_18' title='bbox 570 414 649 471; x_wconf 91' lang='lat' dir='ltr'>omisi</span> <span class='ocrx_word' id='word_1_19' title='bbox 665 431 697 471; x_wconf 86' lang='lat' dir='ltr'>ea</span> <span class='ocrx_word' id='word_1_20' title='bbox 713 430 783 489; x_wconf 88' lang='lat' dir='ltr'>quae</span> <span class='ocrx_word' id='word_1_21' title='bbox 798 413 985 470; x_wconf 75' lang='lat' dir='ltr'>lachmannus</span> <span class='ocrx_word' id='word_1_22' title='bbox 997 415 1026 470; x_wconf 93' lang='lat' dir='ltr'>in</span> <span class='ocrx_word' id='word_1_23' title='bbox 1036 414 1107 471; x_wconf 89' lang='lat' dir='ltr'>llus.</span> 
     </span>
     <span class='ocr_line' id='line_1_4' title="bbox 187 495 1108 574; baseline -0.002 -16"><span class='ocrx_word' id='word_1_24' title='bbox 187 504 270 559; x_wconf 85' lang='lat' dir='ltr'>Rhen.</span> <span class='ocrx_word' id='word_1_25' title='bbox 280 503 302 556; x_wconf 98' lang='lat' dir='ltr'>ll</span> <span class='ocrx_word' id='word_1_26' title='bbox 314 519 344 574; x_wconf 90' lang='lat' dir='ltr'>p.</span> <span class='ocrx_word' id='word_1_27' title='bbox 362 500 423 557; x_wconf 83' lang='grc'>350</span> <span class='ocrx_word' id='word_1_28' title='bbox 440 518 476 556; x_wconf 90' lang='lat' dir='ltr'>ss.</span> <span class='ocrx_word' id='word_1_29' title='bbox 495 495 555 571; x_wconf 83' lang='lat' dir='ltr'><em>(La)</em></span> <span class='ocrx_word' id='word_1_30' title='bbox 574 500 710 573; x_wconf 82' lang='lat' dir='ltr'><strong>exposuit.</strong></span> <span class='ocrx_word' id='word_1_31' title='bbox 744 498 863 572; x_wconf 77' lang='lat' dir='ltr'>lienique</span> <span class='ocrx_word' id='word_1_32' title='bbox 879 498 1005 555; x_wconf 81' lang='lat' dir='ltr'>adnotavi</span> <span class='ocrx_word' id='word_1_33' title='bbox 1019 498 1108 556; x_wconf 84' lang='lat' dir='ltr'>varias</span> 
     </span>
     <span class='ocr_line' id='line_1_5' title="bbox 186 583 1109 660; baseline -0.002 -18"><span class='ocrx_word' id='word_1_34' title='bbox 186 589 338 660; x_wconf 87' lang='lat' dir='ltr'>scripturas</span> <span class='ocrx_word' id='word_1_35' title='bbox 355 603 424 658; x_wconf 89' lang='lat' dir='ltr'>quae</span> <span class='ocrx_word' id='word_1_36' title='bbox 439 584 511 658; x_wconf 92' lang='lat' dir='ltr'>apud</span> <span class='ocrx_word' id='word_1_37' title='bbox 518 583 686 640; x_wconf 87' lang='lat' dir='ltr'>Priscianum</span> <span class='ocrx_word' id='word_1_38' title='bbox 699 585 726 639; x_wconf 90' lang='lat' dir='ltr'>in</span> <span class='ocrx_word' id='word_1_39' title='bbox 742 583 814 639; x_wconf 89' lang='lat' dir='ltr'>libro</span> <span class='ocrx_word' id='word_1_40' title='bbox 826 585 859 640; x_wconf 89' lang='lat' dir='ltr'>de</span> <span class='ocrx_word' id='word_1_41' title='bbox 870 584 967 656; x_wconf 79' lang='lat' dir='ltr'>liguris</span> <span class='ocrx_word' id='word_1_42' title='bbox 978 600 1109 640; x_wconf 87' lang='lat' dir='ltr'>numero·</span> 
     </span>
     <span class='ocr_line' id='line_1_6' title="bbox 185 665 1108 743; baseline -0.003 -16"><span class='ocrx_word' id='word_1_43' title='bbox 185 688 248 727; x_wconf 90' lang='lat' dir='ltr'>rum</span> <span class='ocrx_word' id='word_1_44' title='bbox 262 665 290 743; x_wconf 70' lang='lat' dir='ltr'>(S</span> <span class='ocrx_word' id='word_1_45' title='bbox 301 669 339 726; x_wconf 85' lang='lat'>15</span> <span class='ocrx_word' id='word_1_46' title='bbox 348 669 381 742; x_wconf 87' lang='lat' dir='ltr'>s.)</span> <span class='ocrx_word' id='word_1_47' title='bbox 395 667 657 740; x_wconf 76' lang='lat' dir='ltr'>inveniunturll&#39;rr&#39;),</span> <span class='ocrx_word' id='word_1_48' title='bbox 670 667 717 724; x_wconf 86' lang='lat' dir='ltr'>ubi</span> <span class='ocrx_word' id='word_1_49' title='bbox 732 685 799 724; x_wconf 92' lang='lat' dir='ltr'>usus</span> <span class='ocrx_word' id='word_1_50' title='bbox 811 686 871 725; x_wconf 91' lang='lat' dir='ltr'>sum</span> <span class='ocrx_word' id='word_1_51' title='bbox 888 668 1008 725; x_wconf 90' lang='lat' dir='ltr'>editione</span> <span class='ocrx_word' id='word_1_52' title='bbox 1016 666 1108 724; x_wconf 84' lang='lat' dir='ltr'>Keilii.</span> 
     </span>
     <span class='ocr_line' id='line_1_7' title="bbox 187 752 1108 828; baseline -0.002 -16"><span class='ocrx_word' id='word_1_53' title='bbox 187 757 242 812; x_wconf 84' lang='lat' dir='ltr'>Nec</span> <span class='ocrx_word' id='word_1_54' title='bbox 259 764 348 810; x_wconf 90' lang='lat' dir='ltr'>tamen</span> <span class='ocrx_word' id='word_1_55' title='bbox 364 754 529 828; x_wconf 89' lang='lat' dir='ltr'>persuadere</span> <span class='ocrx_word' id='word_1_56' title='bbox 544 753 610 809; x_wconf 90' lang='lat' dir='ltr'>mihi</span> <span class='ocrx_word' id='word_1_57' title='bbox 625 752 705 826; x_wconf 92' lang='lat' dir='ltr'>potui</span> <span class='ocrx_word' id='word_1_58' title='bbox 726 754 816 809; x_wconf 92' lang='lat' dir='ltr'>omnia</span> <span class='ocrx_word' id='word_1_59' title='bbox 832 768 1019 827; x_wconf 86' lang='lat' dir='ltr'>quaecumque</span> <span class='ocrx_word' id='word_1_60' title='bbox 1035 752 1108 827; x_wconf 88' lang='lat' dir='ltr'>apud</span> 
     </span>
     <span class='ocr_line' id='line_1_8' title="bbox 187 837 1110 912; baseline 0 -18"><span class='ocrx_word' id='word_1_61' title='bbox 187 840 336 895; x_wconf 87' lang='lat' dir='ltr'>Varronem</span> <span class='ocrx_word' id='word_1_62' title='bbox 357 838 489 912; x_wconf 84' lang='lat' dir='ltr'>leguntur</span> <span class='ocrx_word' id='word_1_63' title='bbox 511 839 611 894; x_wconf 87' lang='lat' dir='ltr'>omissa</span> <span class='ocrx_word' id='word_1_64' title='bbox 627 855 641 892; x_wconf 90' lang='lat' dir='ltr'>a</span> <span class='ocrx_word' id='word_1_65' title='bbox 656 837 796 894; x_wconf 88' lang='lat' dir='ltr'>Prisciano</span> <span class='ocrx_word' id='word_1_66' title='bbox 814 838 922 894; x_wconf 92' lang='lat' dir='ltr'>obeam</span> <span class='ocrx_word' id='word_1_67' title='bbox 942 838 1031 911; x_wconf 86' lang='lat' dir='ltr'>ipsum</span> <span class='ocrx_word' id='word_1_68' title='bbox 1045 854 1110 894; x_wconf 87' lang='lat' dir='ltr'>cau·</span> 
     </span>
     <span class='ocr_line' id='line_1_9' title="bbox 187 920 1109 996; baseline 0 -17"><span class='ocrx_word' id='word_1_69' title='bbox 187 941 245 980; x_wconf 88' lang='lat' dir='ltr'>sam</span> <span class='ocrx_word' id='word_1_70' title='bbox 261 924 374 978; x_wconf 89' lang='lat' dir='ltr'>Varroni</span> <span class='ocrx_word' id='word_1_71' title='bbox 397 923 575 979; x_wconf 86' lang='lat' dir='ltr'>abiudioanda</span> <span class='ocrx_word' id='word_1_72' title='bbox 596 938 666 978; x_wconf 89' lang='lat' dir='ltr'>esse.</span> <span class='ocrx_word' id='word_1_73' title='bbox 703 922 769 978; x_wconf 87' lang='lat' dir='ltr'>lVam</span> <span class='ocrx_word' id='word_1_74' title='bbox 784 931 904 978; x_wconf 86' lang='lat' dir='ltr'>extrema</span> <span class='ocrx_word' id='word_1_75' title='bbox 919 922 1028 996; x_wconf 91' lang='lat' dir='ltr'>quidem</span> <span class='ocrx_word' id='word_1_76' title='bbox 1042 920 1109 979; x_wconf 89' lang='lat' dir='ltr'>Var-</span> 
     </span>
     <span class='ocr_line' id='line_1_10' title="bbox 187 1003 1108 1084; baseline 0 -21"><span class='ocrx_word' id='word_1_77' title='bbox 187 1009 263 1063; x_wconf 91' lang='lat' dir='ltr'>ronis</span> <span class='ocrx_word' id='word_1_78' title='bbox 284 1006 364 1062; x_wconf 88' lang='lat' dir='ltr'>verba</span> <span class='ocrx_word' id='word_1_79' title='bbox 385 1003 412 1078; x_wconf 69' lang='lat' dir='ltr'>(S</span> <span class='ocrx_word' id='word_1_80' title='bbox 429 1006 489 1063; x_wconf 84' lang='grc'>174</span> <span class='ocrx_word' id='word_1_81' title='bbox 506 1008 583 1079; x_wconf 84' lang='lat' dir='ltr'>qood</span> <span class='ocrx_word' id='word_1_82' title='bbox 598 1008 703 1063; x_wconf 76' lang='lat' dir='ltr'>libram</span> <span class='ocrx_word' id='word_1_83' title='bbox 718 1004 781 1084; x_wconf 85' lang='lat' dir='ltr'>oet.)</span> <span class='ocrx_word' id='word_1_84' title='bbox 802 1008 901 1063; x_wconf 91' lang='lat' dir='ltr'>iniuria</span> <span class='ocrx_word' id='word_1_85' title='bbox 921 1008 975 1062; x_wconf 85' lang='lat' dir='ltr'>sire</span> <span class='ocrx_word' id='word_1_86' title='bbox 993 1006 1108 1064; x_wconf 86' lang='lat' dir='ltr'>Priscia-</span> 
     </span>
     <span class='ocr_line' id='line_1_11' title="bbox 187 1091 1108 1165; baseline 0.001 -18"><span class='ocrx_word' id='word_1_87' title='bbox 187 1110 239 1147; x_wconf 90' lang='lat' dir='ltr'>nus</span> <span class='ocrx_word' id='word_1_88' title='bbox 262 1092 355 1146; x_wconf 90' lang='lat' dir='ltr'>omisit</span> <span class='ocrx_word' id='word_1_89' title='bbox 375 1093 431 1146; x_wconf 89' lang='lat' dir='ltr'>sive</span> <span class='ocrx_word' id='word_1_90' title='bbox 453 1091 558 1146; x_wconf 86' lang='lat' dir='ltr'>librarii</span> <span class='ocrx_word' id='word_1_91' title='bbox 581 1092 655 1161; x_wconf 82' lang='lat' dir='ltr'>eius,</span> <span class='ocrx_word' id='word_1_92' title='bbox 689 1108 769 1164; x_wconf 90' lang='lat' dir='ltr'>quam</span> <span class='ocrx_word' id='word_1_93' title='bbox 797 1092 998 1165; x_wconf 81' lang='lat' dir='ltr'>neglegentiam</span> <span class='ocrx_word' id='word_1_94' title='bbox 1026 1093 1108 1148; x_wconf 87' lang='lat' dir='ltr'>etiam</span> 
     </span>
     <span class='ocr_line' id='line_1_12' title="bbox 187 1175 1108 1233; baseline 0.001 -3"><span class='ocrx_word' id='word_1_95' title='bbox 187 1176 248 1230; x_wconf 92' lang='lat' dir='ltr'>aliis</span> <span class='ocrx_word' id='word_1_96' title='bbox 264 1175 333 1231; x_wconf 90' lang='lat' dir='ltr'>loeis</span> <span class='ocrx_word' id='word_1_97' title='bbox 350 1178 521 1230; x_wconf 82' lang='lat' dir='ltr'>commissam</span> <span class='ocrx_word' id='word_1_98' title='bbox 537 1192 598 1232; x_wconf 90' lang='lat' dir='ltr'>esse</span> <span class='ocrx_word' id='word_1_99' title='bbox 615 1185 829 1233; x_wconf 84' lang='lat' dir='ltr'>consentaneum</span> <span class='ocrx_word' id='word_1_100' title='bbox 846 1177 962 1232; x_wconf 90' lang='lat' dir='ltr'>videtur.</span> <span class='ocrx_word' id='word_1_101' title='bbox 992 1175 1026 1231; x_wconf 85' lang='lat' dir='ltr'>m</span> <span class='ocrx_word' id='word_1_102' title='bbox 1040 1175 1108 1232; x_wconf 92' lang='lat' dir='ltr'>alio-</span> 
     </span>
     <span class='ocr_line' id='line_1_13' title="bbox 187 1258 1109 1335; baseline 0.002 -20"><span class='ocrx_word' id='word_1_103' title='bbox 187 1262 253 1333; x_wconf 88' lang='lat' dir='ltr'>quin</span> <span class='ocrx_word' id='word_1_104' title='bbox 271 1258 402 1316; x_wconf 89' lang='lat' dir='ltr'>nonnulla</span> <span class='ocrx_word' id='word_1_105' title='bbox 419 1268 509 1315; x_wconf 84' lang='lat' dir='ltr'>erratu</span> <span class='ocrx_word' id='word_1_106' title='bbox 524 1269 589 1317; x_wconf 91' lang='lat' dir='ltr'>sunt</span> <span class='ocrx_word' id='word_1_107' title='bbox 605 1261 676 1335; x_wconf 89' lang='lat' dir='ltr'>apud</span> <span class='ocrx_word' id='word_1_108' title='bbox 692 1262 858 1317; x_wconf 87' lang='lat' dir='ltr'>Priscianum</span> <span class='ocrx_word' id='word_1_109' title='bbox 883 1278 952 1333; x_wconf 89' lang='lat' dir='ltr'>quae</span> <span class='ocrx_word' id='word_1_110' title='bbox 970 1266 1046 1317; x_wconf 88' lang='lat' dir='ltr'>recte</span> <span class='ocrx_word' id='word_1_111' title='bbox 1061 1262 1109 1317; x_wconf 87' lang='lat' dir='ltr'>ha-</span> 
     </span>
     <span class='ocr_line' id='line_1_14' title="bbox 144 1342 1109 1419; baseline 0 -19"><span class='ocrx_word' id='word_1_112' title='bbox 144 1342 146 1346; x_wconf 76' lang='grc'><strong>’</strong></span> <span class='ocrx_word' id='word_1_113' title='bbox 187 1345 254 1400; x_wconf 90' lang='lat' dir='ltr'>hent</span> <span class='ocrx_word' id='word_1_114' title='bbox 269 1344 398 1400; x_wconf 84' lang='lat' dir='ltr'>Varronis</span> <span class='ocrx_word' id='word_1_115' title='bbox 423 1343 496 1399; x_wconf 87' lang='lat' dir='ltr'>libri.</span> <span class='ocrx_word' id='word_1_116' title='bbox 520 1374 558 1401; x_wconf 63' lang='lat'>‹-</span> <span class='ocrx_word' id='word_1_117' title='bbox 583 1345 611 1401; x_wconf 93' lang='lat' dir='ltr'>ln</span> <span class='ocrx_word' id='word_1_118' title='bbox 633 1348 666 1403; x_wconf 88' lang='lat' dir='ltr'>lr.</span> <span class='ocrx_word' id='word_1_119' title='bbox 684 1346 744 1403; x_wconf 89' lang='grc'>109</span> <span class='ocrx_word' id='word_1_120' title='bbox 766 1364 793 1419; x_wconf 92' lang='lat' dir='ltr'>p.</span> <span class='ocrx_word' id='word_1_121' title='bbox 810 1345 866 1416; x_wconf 91' lang='grc'>51,</span> <span class='ocrx_word' id='word_1_122' title='bbox 884 1345 922 1400; x_wconf 81' lang='lat'>12</span> <span class='ocrx_word' id='word_1_123' title='bbox 945 1354 1021 1402; x_wconf 87' lang='lat' dir='ltr'>certa</span> <span class='ocrx_word' id='word_1_124' title='bbox 1042 1362 1109 1403; x_wconf 84' lang='lat' dir='ltr'>con·</span> 
     </span>
     <span class='ocr_line' id='line_1_15' title="bbox 188 1429 1108 1503; baseline 0.003 -20"><span class='ocrx_word' id='word_1_125' title='bbox 188 1429 292 1484; x_wconf 90' lang='lat' dir='ltr'>iectura</span> <span class='ocrx_word' id='word_1_126' title='bbox 309 1430 414 1484; x_wconf 72' lang='lat' dir='ltr'>correxi</span> <span class='ocrx_word' id='word_1_127' title='bbox 431 1444 492 1484; x_wconf 84' lang='lat' dir='ltr'>esse</span> <span class='ocrx_word' id='word_1_128' title='bbox 504 1448 533 1500; x_wconf 91' lang='lat' dir='ltr'>p.</span> <span class='ocrx_word' id='word_1_129' title='bbox 549 1431 577 1486; x_wconf 93' lang='lat' dir='ltr'>id</span> <span class='ocrx_word' id='word_1_130' title='bbox 593 1440 636 1486; x_wconf 90' lang='lat' dir='ltr'>est</span> <span class='ocrx_word' id='word_1_131' title='bbox 651 1431 741 1502; x_wconf 86' lang='lat' dir='ltr'>pedes</span> <span class='ocrx_word' id='word_1_132' title='bbox 759 1448 791 1485; x_wconf 79' lang='lat' dir='ltr'>ex</span> <span class='ocrx_word' id='word_1_133' title='bbox 802 1430 954 1486; x_wconf 86' lang='lat' dir='ltr'>Vlorentini</span> <span class='ocrx_word' id='word_1_134' title='bbox 970 1432 1108 1503; x_wconf 86' lang='lat' dir='ltr'>scriptura</span> 
     </span>
     <span class='ocr_line' id='line_1_16' title="bbox 187 1513 1107 1589; baseline 0.005 -22"><span class='ocrx_word' id='word_1_135' title='bbox 187 1522 269 1569; x_wconf 86' lang='lat' dir='ltr'>esset.</span> <span class='ocrx_word' id='word_1_136' title='bbox 306 1514 342 1568; x_wconf 84' lang='lat' dir='ltr'>lle</span> <span class='ocrx_word' id='word_1_137' title='bbox 362 1514 523 1588; x_wconf 88' lang='lat' dir='ltr'>compendio</span> <span class='ocrx_word' id='word_1_138' title='bbox 538 1533 568 1586; x_wconf 86' lang='lat' dir='ltr'>p.</span> <span class='ocrx_word' id='word_1_139' title='bbox 586 1516 659 1571; x_wconf 91' lang='lat' dir='ltr'>conl.</span> <span class='ocrx_word' id='word_1_140' title='bbox 676 1534 703 1589; x_wconf 89' lang='lat' dir='ltr'>p.</span> <span class='ocrx_word' id='word_1_141' title='bbox 720 1514 775 1584; x_wconf 90' lang='grc'>54,</span> <span class='ocrx_word' id='word_1_142' title='bbox 794 1515 843 1572; x_wconf 82' lang='grc'><strong>10.</strong></span> <span class='ocrx_word' id='word_1_143' title='bbox 866 1513 922 1585; x_wconf 89' lang='grc'>55,</span> <span class='ocrx_word' id='word_1_144' title='bbox 940 1513 979 1569; x_wconf 90' lang='grc'>14</span> <span class='ocrx_word' id='word_1_145' title='bbox 998 1532 1035 1569; x_wconf 89' lang='lat' dir='ltr'>ss.</span> <span class='ocrx_word' id='word_1_146' title='bbox 1055 1514 1107 1587; x_wconf 86' lang='grc'>58,</span> 
     </span>
     <span class='ocr_line' id='line_1_17' title="bbox 188 1596 1108 1673; baseline 0.002 -21"><span class='ocrx_word' id='word_1_147' title='bbox 188 1597 237 1654; x_wconf 79' lang='lat'>27.</span> <span class='ocrx_word' id='word_1_148' title='bbox 264 1597 320 1668; x_wconf 84' lang='lat'>59,</span> <span class='ocrx_word' id='word_1_149' title='bbox 337 1597 393 1667; x_wconf 79' lang='lat'>23,</span> <span class='ocrx_word' id='word_1_150' title='bbox 427 1599 545 1672; x_wconf 88' lang='lat' dir='ltr'>denique</span> <span class='ocrx_word' id='word_1_151' title='bbox 568 1600 656 1672; x_wconf 81' lang='lat' dir='ltr'>legem</span> <span class='ocrx_word' id='word_1_152' title='bbox 676 1600 774 1673; x_wconf 89' lang='lat' dir='ltr'>parieti</span> <span class='ocrx_word' id='word_1_153' title='bbox 799 1599 925 1656; x_wconf 86' lang='lat' dir='ltr'>faciundo</span> <span class='ocrx_word' id='word_1_154' title='bbox 949 1599 977 1652; x_wconf 93' lang='lat' dir='ltr'>in</span> <span class='ocrx_word' id='word_1_155' title='bbox 998 1596 1026 1653; x_wconf 84' lang='lat' dir='ltr'>G.</span> <span class='ocrx_word' id='word_1_156' title='bbox 1043 1598 1061 1654; x_wconf 91' lang='lat'>1.</span> <span class='ocrx_word' id='word_1_157' title='bbox 1078 1598 1108 1655; x_wconf 85' lang='lat' dir='ltr'>L.</span> 
     </span>
     <span class='ocr_line' id='line_1_18' title="bbox 187 1682 924 1755; baseline 0.005 -20"><span class='ocrx_word' id='word_1_158' title='bbox 187 1682 239 1738; x_wconf 83' lang='lat' dir='ltr'>vol.</span> <span class='ocrx_word' id='word_1_159' title='bbox 255 1683 266 1737; x_wconf 94' lang='lat' dir='ltr'>l</span> <span class='ocrx_word' id='word_1_160' title='bbox 280 1700 308 1755; x_wconf 84' lang='lat' dir='ltr'>p.</span> <span class='ocrx_word' id='word_1_161' title='bbox 324 1682 395 1739; x_wconf 84' lang='lat'><strong>577.</strong></span> <span class='ocrx_word' id='word_1_162' title='bbox 921 1716 924 1720; x_wconf 21' lang='grc' dir='ltr'><strong>Δ</strong></span> 
     </span>
    </p>

    <p class='ocr_par' dir='ltr' id='par_1_3' title="bbox 253 1766 1108 1844">
     <span class='ocr_line' id='line_1_19' title="bbox 253 1766 1108 1844; baseline 0.002 -23"><span class='ocrx_word' id='word_1_163' title='bbox 253 1767 323 1824; x_wconf 87' lang='grc'><strong>110.</strong></span> <span class='ocrx_word' id='word_1_164' title='bbox 347 1767 477 1823; x_wconf 82' lang='lat' dir='ltr'>Varronis</span> <span class='ocrx_word' id='word_1_165' title='bbox 492 1768 581 1840; x_wconf 89' lang='lat' dir='ltr'>locum</span> <span class='ocrx_word' id='word_1_166' title='bbox 599 1770 632 1825; x_wconf 91' lang='lat' dir='ltr'>de</span> <span class='ocrx_word' id='word_1_167' title='bbox 647 1767 803 1844; x_wconf 83' lang='lat' dir='ltr'>agrestibus</span> <span class='ocrx_word' id='word_1_168' title='bbox 819 1769 955 1823; x_wconf 90' lang='lat' dir='ltr'>mensuris</span> <span class='ocrx_word' id='word_1_169' title='bbox 971 1767 1019 1840; x_wconf 91' lang='lat' dir='ltr'>qui</span> <span class='ocrx_word' id='word_1_170' title='bbox 1040 1766 1108 1841; x_wconf 81' lang='lat' dir='ltr'>legi-</span> 
     </span>
    </p>
   </div>
   <div class='ocr_carea' id='block_1_3' title="bbox 82 1851 1109 1930">
    <p class='ocr_par' dir='ltr' id='par_1_4' title="bbox 82 1851 1109 1930">
     <span class='ocr_line' id='line_1_20' title="bbox 82 1851 1109 1930; baseline 0.001 -22"><span class='ocrx_word' id='word_1_171' title='bbox 82 1920 85 1925; x_wconf 40' lang='grc'>,</span> <span class='ocrx_word' id='word_1_172' title='bbox 187 1862 234 1908; x_wconf 93' lang='lat' dir='ltr'>tur</span> <span class='ocrx_word' id='word_1_173' title='bbox 249 1853 278 1906; x_wconf 92' lang='lat' dir='ltr'>in</span> <span class='ocrx_word' id='word_1_174' title='bbox 293 1851 363 1908; x_wconf 86' lang='lat' dir='ltr'>libro</span> <span class='ocrx_word' id='word_1_175' title='bbox 380 1853 413 1908; x_wconf 90' lang='lat' dir='ltr'>de</span> <span class='ocrx_word' id='word_1_176' title='bbox 427 1868 458 1907; x_wconf 90' lang='lat' dir='ltr'>re</span> <span class='ocrx_word' id='word_1_177' title='bbox 471 1862 541 1909; x_wconf 89' lang='lat' dir='ltr'>rust.</span> <span class='ocrx_word' id='word_1_178' title='bbox 558 1854 569 1909; x_wconf 94' lang='lat'><em>1</em></span> <span class='ocrx_word' id='word_1_179' title='bbox 585 1853 654 1928; x_wconf 91' lang='lat' dir='ltr'>(cap.</span> <span class='ocrx_word' id='word_1_180' title='bbox 673 1851 722 1930; x_wconf 95' lang='grc'><strong>10)</strong></span> <span class='ocrx_word' id='word_1_181' title='bbox 745 1853 870 1925; x_wconf 85' lang='lat' dir='ltr'>vulgatae</span> <span class='ocrx_word' id='word_1_182' title='bbox 886 1852 1013 1908; x_wconf 90' lang='lat' dir='ltr'>lectionis</span> <span class='ocrx_word' id='word_1_183' title='bbox 1032 1869 1109 1909; x_wconf 88' lang='lat' dir='ltr'>erro·</span> 
     </span>
    </p>
   </div>
   <div class='ocr_carea' id='block_1_4' title="bbox 187 1936 1132 3197">
    <p class='ocr_par' dir='ltr' id='par_1_5' title="bbox 187 1936 1132 3197">
     <span class='ocr_line' id='line_1_21' title="bbox 188 1936 1108 2013; baseline 0 -21"><span class='ocrx_word' id='word_1_184' title='bbox 188 1936 263 1992; x_wconf 85' lang='lat' dir='ltr'>ribus</span> <span class='ocrx_word' id='word_1_185' title='bbox 279 1946 430 2010; x_wconf 81' lang='lat' dir='ltr'>purgatum</span> <span class='ocrx_word' id='word_1_186' title='bbox 446 1939 526 1994; x_wconf 93' lang='lat' dir='ltr'>edere</span> <span class='ocrx_word' id='word_1_187' title='bbox 541 1955 596 1994; x_wconf 95' lang='lat' dir='ltr'>non</span> <span class='ocrx_word' id='word_1_188' title='bbox 613 1941 776 2013; x_wconf 87' lang='lat' dir='ltr'>potuissem,</span> <span class='ocrx_word' id='word_1_189' title='bbox 796 1937 849 1992; x_wconf 90' lang='lat' dir='ltr'>nisi</span> <span class='ocrx_word' id='word_1_190' title='bbox 865 1937 967 2010; x_wconf 83' lang='lat' dir='ltr'>insigni</span> <span class='ocrx_word' id='word_1_191' title='bbox 984 1937 1108 2001; x_wconf 88' lang='lat' dir='ltr'>humani-</span> 
     </span>
     <span class='ocr_line' id='line_1_22' title="bbox 189 2020 1107 2095; baseline 0.004 -21"><span class='ocrx_word' id='word_1_192' title='bbox 189 2029 244 2077; x_wconf 90' lang='lat' dir='ltr'>tate</span> <span class='ocrx_word' id='word_1_193' title='bbox 259 2021 290 2076; x_wconf 91' lang='lat' dir='ltr'>ll.</span> <span class='ocrx_word' id='word_1_194' title='bbox 306 2020 409 2077; x_wconf 87' lang='lat' dir='ltr'>Keilius</span> <span class='ocrx_word' id='word_1_195' title='bbox 428 2022 556 2095; x_wconf 85' lang='lat' dir='ltr'>precibus</span> <span class='ocrx_word' id='word_1_196' title='bbox 576 2026 643 2079; x_wconf 92' lang='lat' dir='ltr'>meis</span> <span class='ocrx_word' id='word_1_197' title='bbox 659 2023 829 2079; x_wconf 72' lang='lat' dir='ltr'>satisfaciens</span> <span class='ocrx_word' id='word_1_198' title='bbox 845 2038 877 2076; x_wconf 83' lang='lat' dir='ltr'>ex</span> <span class='ocrx_word' id='word_1_199' title='bbox 895 2021 1034 2078; x_wconf 89' lang='lat' dir='ltr'>uberrimo</span> <span class='ocrx_word' id='word_1_200' title='bbox 1056 2040 1107 2078; x_wconf 95' lang='lat' dir='ltr'>suo</span> 
     </span>
     <span class='ocr_line' id='line_1_23' title="bbox 187 2106 1108 2179; baseline 0.002 -19"><span class='ocrx_word' id='word_1_201' title='bbox 187 2115 321 2179; x_wconf 82' lang='lat' dir='ltr'>apparatu</span> <span class='ocrx_word' id='word_1_202' title='bbox 338 2106 506 2162; x_wconf 89' lang='lat' dir='ltr'>Varroniano</span> <span class='ocrx_word' id='word_1_203' title='bbox 525 2108 645 2163; x_wconf 83' lang='lat' dir='ltr'>misisset</span> <span class='ocrx_word' id='word_1_204' title='bbox 666 2108 731 2163; x_wconf 84' lang='lat' dir='ltr'>milri</span> <span class='ocrx_word' id='word_1_205' title='bbox 752 2109 839 2162; x_wconf 89' lang='lat' dir='ltr'>varias</span> <span class='ocrx_word' id='word_1_206' title='bbox 861 2107 1012 2178; x_wconf 86' lang='lat' dir='ltr'>scripturas</span> <span class='ocrx_word' id='word_1_207' title='bbox 1033 2107 1108 2163; x_wconf 86' lang='lat' dir='ltr'>codi-</span> 
     </span>
     <span class='ocr_line' id='line_1_24' title="bbox 188 2189 1108 2264; baseline 0.007 -22"><span class='ocrx_word' id='word_1_208' title='bbox 188 2206 249 2243; x_wconf 81' lang='lat' dir='ltr'>cum</span> <span class='ocrx_word' id='word_1_209' title='bbox 263 2189 438 2245; x_wconf 78' lang='lat' dir='ltr'>laurentiani</span> <span class='ocrx_word' id='word_1_210' title='bbox 454 2191 501 2262; x_wconf 80' lang='lat' dir='ltr'>tt,</span> <span class='ocrx_word' id='word_1_211' title='bbox 518 2192 538 2246; x_wconf 90' lang='grc'>4</span> <span class='ocrx_word' id='word_1_212' title='bbox 554 2191 596 2264; x_wconf 90' lang='lat' dir='ltr'>(t)</span> <span class='ocrx_word' id='word_1_213' title='bbox 617 2191 719 2247; x_wconf 88' lang='lat' dir='ltr'>saeculi</span> <span class='ocrx_word' id='word_1_214' title='bbox 734 2191 778 2245; x_wconf 90' lang='lat' dir='ltr'>XV</span> <span class='ocrx_word' id='word_1_215' title='bbox 793 2199 820 2247; x_wconf 89' lang='lat' dir='ltr'>et</span> <span class='ocrx_word' id='word_1_216' title='bbox 835 2190 990 2250; x_wconf 82' lang='lat' dir='ltr'>Caesenatis</span> <span class='ocrx_word' id='word_1_217' title='bbox 1009 2191 1108 2248; x_wconf 89' lang='lat' dir='ltr'>biblio·</span> 
     </span>
     <span class='ocr_line' id='line_1_25' title="bbox 189 2272 1107 2349; baseline 0.005 -24"><span class='ocrx_word' id='word_1_218' title='bbox 189 2273 282 2328; x_wconf 88' lang='lat' dir='ltr'>thecae</span> <span class='ocrx_word' id='word_1_219' title='bbox 303 2272 505 2330; x_wconf 89' lang='lat' dir='ltr'>llalatestianae</span> <span class='ocrx_word' id='word_1_220' title='bbox 525 2275 576 2347; x_wconf 82' lang='lat' dir='ltr'>(M)</span> <span class='ocrx_word' id='word_1_221' title='bbox 597 2275 698 2343; x_wconf 79' lang='lat' dir='ltr'>saeculi</span> <span class='ocrx_word' id='word_1_222' title='bbox 718 2276 771 2347; x_wconf 81' lang='lat' dir='ltr'>XV,</span> <span class='ocrx_word' id='word_1_223' title='bbox 798 2292 915 2349; x_wconf 89' lang='lat' dir='ltr'>quorum</span> <span class='ocrx_word' id='word_1_224' title='bbox 940 2276 974 2332; x_wconf 90' lang='lat' dir='ltr'>de</span> <span class='ocrx_word' id='word_1_225' title='bbox 1000 2276 1107 2349; x_wconf 82' lang='lat' dir='ltr'>origine</span> 
     </span>
     <span class='ocr_line' id='line_1_26' title="bbox 187 2358 1108 2434; baseline 0.005 -24"><span class='ocrx_word' id='word_1_226' title='bbox 187 2364 269 2428; x_wconf 86' lang='lat' dir='ltr'>atque</span> <span class='ocrx_word' id='word_1_227' title='bbox 294 2361 457 2414; x_wconf 73' lang='lat' dir='ltr'>auctoritate</span> <span class='ocrx_word' id='word_1_228' title='bbox 480 2361 635 2416; x_wconf 72' lang='lat' dir='ltr'>luculenter</span> <span class='ocrx_word' id='word_1_229' title='bbox 656 2358 782 2434; x_wconf 81' lang='lat' dir='ltr'>exposuit</span> <span class='ocrx_word' id='word_1_230' title='bbox 803 2364 830 2416; x_wconf 94' lang='lat' dir='ltr'>in</span> <span class='ocrx_word' id='word_1_231' title='bbox 852 2360 1108 2418; x_wconf 79' lang='lat' dir='ltr'>Observationibes</span> 
     </span>
     <span class='ocr_line' id='line_1_27' title="bbox 189 2444 1106 2515; baseline 0.009 -21"><span class='ocrx_word' id='word_1_232' title='bbox 189 2445 306 2498; x_wconf 76' lang='lat' dir='ltr'>criticis</span> <span class='ocrx_word' id='word_1_233' title='bbox 330 2447 362 2498; x_wconf 77' lang='lat' dir='ltr'>to</span> <span class='ocrx_word' id='word_1_234' title='bbox 383 2444 502 2500; x_wconf 81' lang='lat' dir='ltr'>Catonis</span> <span class='ocrx_word' id='word_1_235' title='bbox 526 2453 553 2500; x_wconf 88' lang='lat' dir='ltr'>et</span> <span class='ocrx_word' id='word_1_236' title='bbox 582 2445 722 2501; x_wconf 75' lang='lat' dir='ltr'>Varronis</span> <span class='ocrx_word' id='word_1_237' title='bbox 748 2448 784 2500; x_wconf 87' lang='lat' dir='ltr'>de</span> <span class='ocrx_word' id='word_1_238' title='bbox 809 2461 842 2500; x_wconf 89' lang='lat' dir='ltr'>re</span> <span class='ocrx_word' id='word_1_239' title='bbox 865 2451 981 2502; x_wconf 80' lang='lat' dir='ltr'>rustica</span> <span class='ocrx_word' id='word_1_240' title='bbox 1005 2447 1106 2515; x_wconf 76' lang='lat' dir='ltr'>libros,</span> 
     </span>
     <span class='ocr_line' id='line_1_28' title="bbox 187 2527 1109 2601; baseline 0.005 -21"><span class='ocrx_word' id='word_1_241' title='bbox 187 2542 256 2598; x_wconf 87' lang='lat' dir='ltr'>quae</span> <span class='ocrx_word' id='word_1_242' title='bbox 280 2527 444 2601; x_wconf 91' lang='lat' dir='ltr'>prodierunt</span> <span class='ocrx_word' id='word_1_243' title='bbox 461 2529 533 2584; x_wconf 90' lang='lat' dir='ltr'>Halis</span> <span class='ocrx_word' id='word_1_244' title='bbox 549 2548 572 2584; x_wconf 92' lang='lat' dir='ltr'>a.</span> <span class='ocrx_word' id='word_1_245' title='bbox 590 2529 681 2586; x_wconf 86' lang='grc'><strong>1849.</strong></span> <span class='ocrx_word' id='word_1_246' title='bbox 721 2530 862 2586; x_wconf 86' lang='lat' dir='ltr'>Praeterea</span> <span class='ocrx_word' id='word_1_247' title='bbox 882 2531 954 2586; x_wconf 92' lang='lat' dir='ltr'>idem</span> <span class='ocrx_word' id='word_1_248' title='bbox 972 2538 1047 2587; x_wconf 90' lang='lat' dir='ltr'>recte</span> <span class='ocrx_word' id='word_1_249' title='bbox 1065 2548 1109 2587; x_wconf 90' lang='lat' dir='ltr'>mo</span> 
     </span>
     <span class='ocr_line' id='line_1_29' title="bbox 187 2610 1132 2690; baseline 0.007 -26"><span class='ocrx_word' id='word_1_250' title='bbox 187 2611 310 2683; x_wconf 77' lang='lat' dir='ltr'>monuit,</span> <span class='ocrx_word' id='word_1_251' title='bbox 334 2629 368 2668; x_wconf 92' lang='lat' dir='ltr'>ne</span> <span class='ocrx_word' id='word_1_252' title='bbox 385 2616 539 2669; x_wconf 88' lang='lat' dir='ltr'>omitterem</span> <span class='ocrx_word' id='word_1_253' title='bbox 556 2617 654 2670; x_wconf 88' lang='lat' dir='ltr'>variam</span> <span class='ocrx_word' id='word_1_254' title='bbox 672 2615 833 2688; x_wconf 88' lang='lat' dir='ltr'>scripturam</span> <span class='ocrx_word' id='word_1_255' title='bbox 853 2615 955 2671; x_wconf 86' lang='lat' dir='ltr'>codicis</span> <span class='ocrx_word' id='word_1_256' title='bbox 974 2617 1108 2690; x_wconf 83' lang='lat' dir='ltr'>antiquis·</span> <span class='ocrx_word' id='word_1_257' title='bbox 1128 2610 1132 2615; x_wconf 75' lang='grc'><strong>’</strong></span> 
     </span>
     <span class='ocr_line' id='line_1_30' title="bbox 187 2695 1109 2773; baseline 0.01 -25"><span class='ocrx_word' id='word_1_258' title='bbox 187 2695 249 2750; x_wconf 92' lang='lat' dir='ltr'>simi</span> <span class='ocrx_word' id='word_1_259' title='bbox 261 2695 413 2754; x_wconf 81' lang='lat' dir='ltr'>Florentini</span> <span class='ocrx_word' id='word_1_260' title='bbox 431 2716 503 2754; x_wconf 84' lang='lat' dir='ltr'>nurrc</span> <span class='ocrx_word' id='word_1_261' title='bbox 515 2700 625 2773; x_wconf 86' lang='lat' dir='ltr'>perditi,</span> <span class='ocrx_word' id='word_1_262' title='bbox 642 2699 712 2755; x_wconf 90' lang='lat' dir='ltr'>unde</span> <span class='ocrx_word' id='word_1_263' title='bbox 729 2717 822 2755; x_wconf 89' lang='lat' dir='ltr'>omnes</span> <span class='ocrx_word' id='word_1_264' title='bbox 836 2699 936 2772; x_wconf 89' lang='lat' dir='ltr'>reliqui</span> <span class='ocrx_word' id='word_1_265' title='bbox 948 2699 1011 2755; x_wconf 88' lang='lat' dir='ltr'>libri</span> <span class='ocrx_word' id='word_1_266' title='bbox 1026 2717 1109 2757; x_wconf 88' lang='lat' dir='ltr'>manu</span> 
     </span>
     <span class='ocr_line' id='line_1_31' title="bbox 187 2779 1109 2858; baseline 0.009 -25"><span class='ocrx_word' id='word_1_267' title='bbox 187 2779 284 2853; x_wconf 88' lang='lat' dir='ltr'>scripti</span> <span class='ocrx_word' id='word_1_268' title='bbox 308 2782 420 2838; x_wconf 86' lang='lat' dir='ltr'>derivati</span> <span class='ocrx_word' id='word_1_269' title='bbox 443 2791 516 2839; x_wconf 90' lang='lat' dir='ltr'>sunt.</span> <span class='ocrx_word' id='word_1_270' title='bbox 560 2782 644 2850; x_wconf 76' lang='lat' dir='ltr'>Quane</span> <span class='ocrx_word' id='word_1_271' title='bbox 661 2784 825 2858; x_wconf 90' lang='lat' dir='ltr'>scripturam</span> <span class='ocrx_word' id='word_1_272' title='bbox 847 2783 911 2841; x_wconf 93' lang='lat' dir='ltr'>olim</span> <span class='ocrx_word' id='word_1_273' title='bbox 932 2785 1109 2841; x_wconf 86' lang='lat' dir='ltr'>adnotaverat</span> 
     </span>
     <span class='ocr_line' id='line_1_32' title="bbox 187 2862 1108 2942; baseline 0.01 -26"><span class='ocrx_word' id='word_1_274' title='bbox 187 2862 338 2920; x_wconf 89' lang='lat' dir='ltr'>Politianus</span> <span class='ocrx_word' id='word_1_275' title='bbox 362 2867 394 2921; x_wconf 90' lang='lat' dir='ltr'>ad</span> <span class='ocrx_word' id='word_1_276' title='bbox 418 2869 567 2938; x_wconf 77' lang='lat' dir='ltr'>marginem</span> <span class='ocrx_word' id='word_1_277' title='bbox 587 2869 704 2925; x_wconf 87' lang='lat' dir='ltr'>Venetae</span> <span class='ocrx_word' id='word_1_278' title='bbox 727 2869 854 2925; x_wconf 89' lang='lat' dir='ltr'>editionis</span> <span class='ocrx_word' id='word_1_279' title='bbox 875 2869 1043 2942; x_wconf 87' lang='lat' dir='ltr'>scriptorum</span> <span class='ocrx_word' id='word_1_280' title='bbox 1066 2871 1108 2926; x_wconf 89' lang='lat' dir='ltr'>rei</span> 
     </span>
     <span class='ocr_line' id='line_1_33' title="bbox 187 2947 1107 3026; baseline 0.011 -26"><span class='ocrx_word' id='word_1_281' title='bbox 187 2947 307 3004; x_wconf 88' lang='lat' dir='ltr'>rusticae</span> <span class='ocrx_word' id='word_1_282' title='bbox 331 2951 464 3025; x_wconf 89' lang='lat' dir='ltr'>principis</span> <span class='ocrx_word' id='word_1_283' title='bbox 478 2948 513 3022; x_wconf 87' lang='lat'>¹);</span> <span class='ocrx_word' id='word_1_284' title='bbox 539 2953 722 3026; x_wconf 84' lang='lat' dir='ltr'>descripserat</span> <span class='ocrx_word' id='word_1_285' title='bbox 752 2954 815 3009; x_wconf 93' lang='lat' dir='ltr'>inde</span> <span class='ocrx_word' id='word_1_286' title='bbox 842 2954 873 3009; x_wconf 91' lang='lat' dir='ltr'>H.</span> <span class='ocrx_word' id='word_1_287' title='bbox 894 2954 1107 3025; x_wconf 82' lang='lat' dir='ltr'>Brencmannus‚</span> 
     </span>
     <span class='ocr_line' id='line_1_34' title="bbox 189 3036 1108 3113; baseline 0.009 -27"><span class='ocrx_word' id='word_1_288' title='bbox 189 3048 243 3104; x_wconf 90' lang='lat' dir='ltr'>quo</span> <span class='ocrx_word' id='word_1_289' title='bbox 260 3041 392 3105; x_wconf 89' lang='lat' dir='ltr'>apparatu</span> <span class='ocrx_word' id='word_1_290' title='bbox 408 3044 464 3091; x_wconf 91' lang='lat' dir='ltr'>tum</span> <span class='ocrx_word' id='word_1_291' title='bbox 473 3036 607 3092; x_wconf 88' lang='lat' dir='ltr'>Gesnerus</span> <span class='ocrx_word' id='word_1_292' title='bbox 622 3054 689 3094; x_wconf 92' lang='lat' dir='ltr'>usus</span> <span class='ocrx_word' id='word_1_293' title='bbox 705 3047 745 3094; x_wconf 88' lang='lat' dir='ltr'>est</span> <span class='ocrx_word' id='word_1_294' title='bbox 762 3038 795 3110; x_wconf 89' lang='lat' dir='ltr'>(v.</span> <span class='ocrx_word' id='word_1_295' title='bbox 813 3039 934 3094; x_wconf 91' lang='lat' dir='ltr'>eiusdem</span> <span class='ocrx_word' id='word_1_296' title='bbox 950 3038 1049 3113; x_wconf 88' lang='lat' dir='ltr'>Script.</span> <span class='ocrx_word' id='word_1_297' title='bbox 1066 3038 1108 3095; x_wconf 92' lang='lat' dir='ltr'>rei</span> 
     </span>
     <span class='ocr_line' id='line_1_35' title="bbox 187 3115 1107 3197; baseline 0.011 -28"><span class='ocrx_word' id='word_1_298' title='bbox 187 3123 258 3170; x_wconf 90' lang='lat' dir='ltr'>rust.</span> <span class='ocrx_word' id='word_1_299' title='bbox 273 3115 381 3190; x_wconf 89' lang='lat' dir='ltr'>Lipsiae</span> <span class='ocrx_word' id='word_1_300' title='bbox 397 3121 478 3176; x_wconf 85' lang='lat'>1735</span> <span class='ocrx_word' id='word_1_301' title='bbox 495 3139 522 3194; x_wconf 85' lang='lat' dir='ltr'>p.</span> <span class='ocrx_word' id='word_1_302' title='bbox 534 3120 597 3191; x_wconf 89' lang='lat' dir='ltr'>XX).</span> <span class='ocrx_word' id='word_1_303' title='bbox 625 3121 677 3178; x_wconf 89' lang='lat' dir='ltr'>Sed</span> <span class='ocrx_word' id='word_1_304' title='bbox 692 3140 780 3197; x_wconf 89' lang='lat' dir='ltr'>nuper</span> <span class='ocrx_word' id='word_1_305' title='bbox 795 3122 899 3180; x_wconf 84' lang='lat' dir='ltr'>Kellios</span> <span class='ocrx_word' id='word_1_306' title='bbox 916 3154 955 3163; x_wconf 95' lang='lat'>—</span> <span class='ocrx_word' id='word_1_307' title='bbox 972 3123 1107 3197; x_wconf 89' lang='lat' dir='ltr'>siquidem</span> 
     </span>
    </p>
   </div>
   <div class='ocr_carea' id='block_1_5' title="bbox 188 3230 391 3241">
    <p class='ocr_par' dir='ltr' id='par_1_6' title="bbox 188 3230 391 3241">
     <span class='ocr_line' id='line_1_36' title="bbox 188 3230 391 3241; baseline 0.02 -4"><span class='ocrx_word' id='word_1_308' title='bbox 188 3230 391 3241; x_wconf 73' lang='lat'><em>——-..-.-</em></span> 
     </span>
    </p>
   </div>
   <div class='ocr_carea' id='block_1_6' title="bbox 189 3281 1108 3490">
    <p class='ocr_par' dir='ltr' id='par_1_7' title="bbox 189 3281 1108 3490">
     <span class='ocr_line' id='line_1_37' title="bbox 256 3281 1107 3354; baseline 0.011 -23"><span class='ocrx_word' id='word_1_309' title='bbox 256 3281 282 3346; x_wconf 92' lang='lat'>1)</span> <span class='ocrx_word' id='word_1_310' title='bbox 302 3284 375 3334; x_wconf 86' lang='lat' dir='ltr'>Usus</span> <span class='ocrx_word' id='word_1_311' title='bbox 394 3301 453 3334; x_wconf 89' lang='lat' dir='ltr'>sum</span> <span class='ocrx_word' id='word_1_312' title='bbox 467 3286 591 3351; x_wconf 84' lang='lat' dir='ltr'>exemplo</span> <span class='ocrx_word' id='word_1_313' title='bbox 606 3287 664 3336; x_wconf 87' lang='lat' dir='ltr'>eius</span> <span class='ocrx_word' id='word_1_314' title='bbox 679 3289 808 3339; x_wconf 85' lang='lat' dir='ltr'>editionis</span> <span class='ocrx_word' id='word_1_315' title='bbox 819 3289 985 3351; x_wconf 85' lang='lat' dir='ltr'>Dresdensi,</span> <span class='ocrx_word' id='word_1_316' title='bbox 1005 3289 1034 3338; x_wconf 89' lang='lat' dir='ltr'>in</span> <span class='ocrx_word' id='word_1_317' title='bbox 1052 3304 1107 3354; x_wconf 88' lang='lat' dir='ltr'>quo</span> 
     </span>
     <span class='ocr_line' id='line_1_38' title="bbox 189 3348 1108 3422; baseline 0.01 -24"><span class='ocrx_word' id='word_1_318' title='bbox 189 3348 288 3399; x_wconf 84' lang='lat' dir='ltr'>desunt</span> <span class='ocrx_word' id='word_1_319' title='bbox 305 3351 358 3400; x_wconf 88' lang='lat' dir='ltr'>XII</span> <span class='ocrx_word' id='word_1_320' title='bbox 376 3353 465 3416; x_wconf 84' lang='lat' dir='ltr'>prima</span> <span class='ocrx_word' id='word_1_321' title='bbox 484 3358 513 3403; x_wconf 88' lang='lat' dir='ltr'>ot</span> <span class='ocrx_word' id='word_1_322' title='bbox 530 3355 559 3403; x_wconf 88' lang='grc' dir='ltr'>ΙΙ</span> <span class='ocrx_word' id='word_1_323' title='bbox 576 3354 673 3404; x_wconf 84' lang='lat' dir='ltr'>ultima</span> <span class='ocrx_word' id='word_1_324' title='bbox 692 3356 776 3420; x_wconf 82' lang='lat' dir='ltr'>folin,</span> <span class='ocrx_word' id='word_1_325' title='bbox 799 3357 849 3406; x_wconf 88' lang='lat' dir='ltr'>sed</span> <span class='ocrx_word' id='word_1_326' title='bbox 872 3357 943 3407; x_wconf 81' lang='lat' dir='ltr'>haec</span> <span class='ocrx_word' id='word_1_327' title='bbox 966 3357 1018 3407; x_wconf 90' lang='lat' dir='ltr'>duo</span> <span class='ocrx_word' id='word_1_328' title='bbox 1042 3372 1108 3422; x_wconf 85' lang='lat' dir='ltr'>sup-</span> 
     </span>
     <span class='ocr_line' id='line_1_39' title="bbox 189 3416 1107 3490; baseline 0.009 -24"><span class='ocrx_word' id='word_1_329' title='bbox 189 3416 267 3481; x_wconf 86' lang='lat' dir='ltr'>pleta</span> <span class='ocrx_word' id='word_1_330' title='bbox 285 3423 348 3469; x_wconf 86' lang='lat' dir='ltr'>sunt</span> <span class='ocrx_word' id='word_1_331' title='bbox 365 3435 461 3470; x_wconf 84' lang='lat' dir='ltr'>manus</span> <span class='ocrx_word' id='word_1_332' title='bbox 480 3422 625 3486; x_wconf 83' lang='lat' dir='ltr'>scripture.</span> <span class='ocrx_word' id='word_1_333' title='bbox 653 3422 798 3488; x_wconf 80' lang='lat' dir='ltr'>Leguntur</span> <span class='ocrx_word' id='word_1_334' title='bbox 815 3425 845 3473; x_wconf 90' lang='lat' dir='ltr'>in</span> <span class='ocrx_word' id='word_1_335' title='bbox 862 3423 916 3474; x_wconf 88' lang='lat' dir='ltr'>fine</span> <span class='ocrx_word' id='word_1_336' title='bbox 934 3423 1107 3490; x_wconf 81' lang='lat' dir='ltr'>singulorum</span> 
     </span>
    </p>
   </div>
   <div class='ocr_carea' id='block_1_7' title="bbox 187 3485 1107 3610">
    <p class='ocr_par' dir='ltr' id='par_1_8' title="bbox 187 3485 1107 3610">
     <span class='ocr_line' id='line_1_40' title="bbox 188 3485 1107 3552; baseline 0.01 -18"><span class='ocrx_word' id='word_1_337' title='bbox 188 3486 318 3551; x_wconf 81' lang='lat' dir='ltr'>partium,</span> <span class='ocrx_word' id='word_1_338' title='bbox 331 3485 455 3552; x_wconf 85' lang='lat' dir='ltr'>Catonis,</span> <span class='ocrx_word' id='word_1_339' title='bbox 465 3488 597 3539; x_wconf 80' lang='lat' dir='ltr'>Varronis</span> <span class='ocrx_word' id='word_1_340' title='bbox 610 3493 677 3540; x_wconf 80' lang='lat' dir='ltr'>cet:</span> <span class='ocrx_word' id='word_1_341' title='bbox 698 3504 789 3542; x_wconf 72' lang='lat' dir='ltr'>ornus</span> <span class='ocrx_word' id='word_1_342' title='bbox 805 3505 842 3540; x_wconf 77' lang='lat' dir='ltr'>nr</span> <span class='ocrx_word' id='word_1_343' title='bbox 860 3506 984 3543; x_wconf 68' lang='lat' dir='ltr'>menneo</span> <span class='ocrx_word' id='word_1_344' title='bbox 1002 3506 1107 3543; x_wconf 78' lang='lat' dir='ltr'>nrnsou</span> 
     </span>
     <span class='ocr_line' id='line_1_41' title="bbox 187 3555 699 3610; baseline 0.004 -4"><span class='ocrx_word' id='word_1_345' title='bbox 187 3579 222 3589; x_wconf 83' lang='lat'><em>-</em></span> <span class='ocrx_word' id='word_1_346' title='bbox 239 3569 372 3606; x_wconf 81' lang='lat' dir='ltr'>vnunrns</span> <span class='ocrx_word' id='word_1_347' title='bbox 391 3582 424 3591; x_wconf 90' lang='lat'>-</span> <span class='ocrx_word' id='word_1_348' title='bbox 441 3555 699 3610; x_wconf 70' lang='lat' dir='ltr'>MCCOOLXXII.</span> 
     </span>
    </p>
   </div>
   <div class='ocr_carea' id='block_1_8' title="bbox 0 0 1194 3930">
    <p class='ocr_par' dir='ltr' id='par_1_9' title="bbox 0 0 1194 3930">
     <span class='ocr_line' id='line_1_42' title="bbox 0 0 1194 3930; baseline 0 0"><span class='ocrx_word' id='word_1_349' title='bbox 0 0 1194 3930; x_wconf 95' lang='lat' dir='ltr'> </span> 
     </span>
    </p>
   </div>
  </div>
 </body>
</html>
