2378 3930
43 196 123 283 plat]
305 218 469 261 nxonnrra
489 220 531 260 nx
553 218 695 261 rsrnono.
901 196 963 263 135

196 334 210 366 Ν
407 354 410 359 .

109 382 161 447 20.
186 384 228 447 Μ.
253 385 312 446 moi
328 385 474 446 Graecum
497 386 684 463 superposito
701 384 724 446 Ν
742 385 846 446 Latino
868 387 960 464 signi-

45 487 114 547 iioat
136 489 257 547 ruinam.

110 584 162 648 21.
186 578 246 650 ΤΛ.
270 588 447 651 i'Latinum
470 589 500 648 in
523 587 581 647 fine
595 584 753 649 ihabueris
767 588 855 649 lauda
870 588 961 649 Grae·

43 708 114 751 oum
138 690 282 768 significat
304 689 456 750 talentum.

110 788 160 851 22.
186 790 240 854 )<⁰.
265 792 313 852 ehi
325 792 471 853 Graecum
487 791 517 850 in
533 790 655 851 dextero
670 789 792 851 brachio
807 792 961 869 superiore
978 810 994 858 5

46 895 185 956 olittera
208 895 364 954 coniuncta
388 893 472 953 cenix
496 899 549 952 est.

113 993 254 1076 [Explicit
269 999 410 1056 tractatus
434 993 470 1054 de
492 995 582 1072 signis
605 992 786 1071 ponderum:
810 992 960 1074 feliciter]

200 1228 378 1294 137-138.
423 1228 587 1309 Excerptu
610 1248 649 1290 eo)
671 1228 808 1292 Isidoro.

113 1462 139 1522 1.
164 1461 303 1521 Mensura
332 1466 377 1522 est
397 1461 476 1520 iuxta
499 1458 643 1520 Isidorum
667 1459 805 1538 quioquid
828 1458 962 1539 pondere
981 1467 1012 1516 10

43 1565 209 1643 -oapaoitate
237 1562 419 1640 longitudine
447 1560 601 1639 iatitudine
629 1558 782 1620 altitudine
805 1562 962 1637 animoque

47 1667 156 1726 sinitur.
194 1666 321 1725 maiores
344 1666 441 1741 itaque
464 1662 568 1722 orbern
590 1663 620 1721 in
643 1661 786 1740 partibus
809 1670 909 1741 partes
929 1663 961 1721 in
1032 1660 1038 1673 ‘

48 1768 214 1847 provincie,
238 1767 405 1843 provincias
427 1764 457 1823 in
472 1763 654 1841 regionibus,
678 1764 816 1841 regiones
830 1765 861 1823 in
876 1763 960 1831 loeis,

46 1867 111 1928 loea
133 1869 163 1926 in
185 1867 354 1936 territoriis
385 1866 534 1927 territoria
556 1868 587 1923 in
610 1865 702 1942 agris,
730 1882 817 1943 agros
839 1866 869 1923 in
892 1883 961 1926 een-

46 1969 145 2038 turiis‚
175 1970 323 2028 centurias
350 1970 381 2027 in
409 1966 577 2045 iugeribus,
607 1968 710 2044 iugera
732 1968 764 2025 in
786 1966 961 2035 climatibus,
981 1975 1013 2027 15

47 2070 162 2129 elimata
187 2071 216 2128 in
241 2068 362 2137 actibus,
387 2076 469 2128 aetus
491 2069 520 2127 in
545 2068 673 2145 perticis,
697 2069 825 2146 perticas
845 2069 876 2126 in
895 2084 961 2145 pas-

48 2190 112 2240 suS,
144 2189 248 2249 passus
274 2172 305 2229 in
328 2168 483 2248 gradibus,
513 2168 622 2244 gradus
645 2171 674 2228 in
698 2168 818 2238 cubitis,
848 2168 962 2229 cubitos

48 2275 79 2332 in
103 2272 242 2350 peditus,
271 2272 362 2350 pedes
384 2273 413 2331 in
437 2271 557 2350 palmis,
585 2269 699 2349 painaos
721 2273 752 2329 in
774 2272 883 2340 unciis,
906 2288 962 2330 un-

49 2376 110 2433 cias
132 2376 163 2433 in
186 2374 284 2452 digitis
307 2374 477 2435 diviserunt.

111 2473 140 2534 2.
158 2476 271 2553 Digitus
287 2484 330 2536 est
346 2495 415 2554 pars
430 2478 551 2536 minima
567 2475 725 2553 agrestium
743 2491 960 2534 mensurarum.
980 2482 1014 2531 20

111 2575 140 2638 3.
165 2579 236 2639 inde
259 2580 345 2638 uncia
368 2576 480 2638 habens
503 2578 611 2655 digitos
633 2583 704 2636 tres.

111 2677 141 2738 4.
165 2679 284 2740 Palmus
307 2690 403 2739 autern
428 2687 566 2771 quattuor
582 2679 688 2755 digitos
703 2673 799 2743 habet,
823 2692 876 2753 pes
892 2692 961 2735 vero

48 2780 188 2840 sederint.

113 2878 142 2942 5.
166 2881 275 2941 Passus
292 2882 314 2940 V
330 2882 421 2958 pedes
443 2880 542 2951 habet,
565 2880 677 2960 pertica
700 2896 803 2958 passus
826 2878 908 2947 duos,
932 2878 962 2939 id

49 2991 93 3044 ost
114 2983 206 3062 pedes
229 2984 340 3043 decern.
980 2988 1014 3037 25

117 3158 140 3204 3.
160 3151 217 3202 Th.
231 3159 249 3205 t.
269 3154 325 3205 cod.
412 3154 437 3201 9.
459 3152 480 3202 G
501 3152 565 3201 huno
588 3153 682 3200 titulum
702 3152 824 3215 praefigit
841 3149 879 3199 IN
897 3150 963 3199 DEI

47 3237 191 3289 NOMINE
221 3236 340 3287 PAVCA
368 3236 418 3286 DE
443 3235 624 3286 MENSVRIS
654 3233 851 3285 SECVNDVM
876 3234 963 3285 6Εο-

48 3322 236 3373 ME'I'RICAE
263 3320 499 3373 DISCIPLINAE
526 3319 716 3370 RATIONEM
738 3320 789 3368 EX
805 3318 963 3369 VOLVMI·

48 3408 156 3461 NJBVS
183 3405 427 3458 ERVDITORVM
456 3405 624 3456 VIRORVM
653 3403 847 3454 EXGERPTA
874 3403 963 3453 INCI-

48 3493 160 3541 PIVNT
247 3495 287 3542 11.
308 3491 513 3559 animoquaodi
601 3489 853 3557 tepueritnditst}
926 3488 980 3530 Ὧ-

41 3578 208 3636 quatuorV
274 3580 435 3648 anpedo‘
507 3578 643 3636 nanu
