2378 3930
45 188 163 246 XXVIII
349 187 518 245 EDITORIS
536 184 755 244 PRAEFATIO.

47 335 212 400 artibusue
246 339 322 399 sunt
349 333 524 400 commenti
555 354 659 418 neque
688 332 822 398 omnino
854 334 891 397 ln
919 333 1061 418 disputa·

46 425 168 488 tionem
191 422 245 489 hic
269 427 432 489 uocantur.
470 422 638 508 scriptoris
661 427 771 487 autem
794 421 960 488 sententia
984 422 1060 489 haec

47 517 109 577 est:
142 511 259 577 diuites
288 511 406 596 opibus
439 512 506 577 suis
538 512 680 595 exempti
709 512 795 576 curis
823 512 964 576 terrenis
993 533 1060 577 eum

47 605 183 687 possent
210 602 332 665 caelum
361 602 525 685 suspicere
549 603 582 664 et
604 600 639 663 in
661 621 714 664 res
737 600 866 664 diuinas
891 600 1062 686 inquirere,

49 691 131 775 ipsis
155 689 280 754 diuitiis
308 689 444 773 inpediti
467 711 595 774 semper
618 710 732 753 aurum
756 689 921 773 suspicere
944 689 1061 754 malue

48 784 139 861 runt3
164 782 198 842 at
217 781 331 842 contra
353 800 513 863 pauperes
535 777 626 846 faece
649 781 779 842 terrena
797 777 949 862 depressi,
968 779 1062 863 inque

47 868 182 932 humum
202 867 319 932 abiecti
338 888 411 932 ecce
430 867 512 932 bene
530 870 720 931 meruerunt
735 867 774 930 de
789 887 908 952 genere
922 866 1062 933 humano

48 955 190 1020 inuentis
210 956 285 1020 suis.
314 957 455 1021 eruimus
474 956 575 1040 igitur
589 953 796 1040 ‘prostratos'
811 976 850 1019 ex
865 953 1063 1041 ‘nostrates';

51 1065 110 1108 nec
141 1044 328 1109 dubItamus
361 1045 440 1129 quin
472 1042 627 1109 Octauius
660 1044 700 1107 ad
731 1043 813 1108 illud
841 1041 1062 1109 Caecilianum

50 1132 243 1197 ‘interram
267 1132 418 1217 proiecti’
442 1130 484 1217 (c.
502 1133 538 1216 5,
559 1131 594 1219 6)
620 1132 783 1198 adluserit.
818 1132 933 1197 eadem
958 1138 1063 1198 autem

49 1221 259 1306 neglegentia
291 1220 457 1304 stupidum
488 1220 696 1286 librariorum
724 1241 825 1304 genus
852 1221 1004 1286 foedauit
1029 1243 1064 1287 ea

50 1331 132 1392 quae
161 1312 324 1392 secuntur,
352 1308 511 1392 siquidem
539 1310 616 1394 quid
645 1309 709 1374 sibi
732 1309 811 1375 ueIIt
839 1313 898 1374 aut
922 1309 1063 1375 ‘commi-

49 1397 132 1461 nisci
161 1396 380 1481 prudentiam'
409 1400 466 1462 aut
493 1397 693 1483 ‘prudentiae
721 1396 907 1481 discipliua'
937 1399 985 1464 eis
1013 1399 1062 1484 qui

49 1485 162 1569 inepta
197 1485 364 1571 refugiunt
397 1487 681 1552 obscurrissimum
713 1490 776 1570 est,
807 1507 924 1552 uerum
958 1490 1061 1552 autem

51 1574 156 1658 aperit
182 1574 215 1638 id
243 1575 330 1659 quod
357 1574 523 1660 praecedIt
551 1574 616 1639 ‘uel
644 1575 672 1639 si
700 1576 756 1660 qui
784 1575 841 1640 alii
868 1576 994 1641 artium
1020 1597 1062 1641 re·

49 1662 217 1749 pertores'.

117 1773 143 1818 c.
164 1752 215 1836 17,
234 1754 255 1816 2
282 1773 339 1818 nos
361 1753 471 1835 ocimu
496 1754 604 1818 ocellos
626 1757 754 1837 certos,
779 1752 890 1835 quodue
913 1759 1063 1838 suspectio

51 1843 87 1906 in
109 1841 227 1906 coelum
249 1842 341 1907 dotas
363 1846 415 1926 eet,
437 1862 536 1907 sermo
558 1847 588 1906 et
609 1843 699 1925 ratio,
718 1862 777 1924 per
798 1862 877 1924 quoe
899 1845 993 1908 mum
1015 1845 1062 1908 ad-

49 1930 224 2013 pnoscimoe
251 1930 400 1995 sentimus
426 1932 597 1995 imitamur.
640 1934 768 1995 constat
799 1930 896 1995 hodie
930 1932 970 1996 de
999 1954 1062 1997 uer·

53 2019 167 2083 borum
187 2017 306 2085 ‘sermo
326 2024 358 2084 et
376 2017 472 2084 ratio'
492 2020 539 2084 sic
562 2019 646 2082 nude
665 2019 890 2084 adiunctorum
911 2020 1061 2104 deprava-

51 2107 150 2173 tione.
173 2109 342 2192 proposuit
366 2111 473 2172 autem
497 2113 673 2191 praeeunte
693 2107 895 2191 Wopkensio
915 2108 1063 2174 Halmius

53 2195 159 2260 ‘datus
180 2201 228 2260 est
252 2202 284 2260 et
307 2196 432 2260 sermo'.
471 2196 557 2280 quod
579 2217 646 2259 non
669 2200 764 2279 recte,
787 2200 825 2260 ut
846 2200 937 2281 puto,
961 2199 1063 2282 inpro-

53 2285 145 2348 bauit
167 2283 340 2367 Usenerus,
365 2287 418 2369 qui
442 2286 557 2349 inille
582 2284 700 2349 ‘sermo
725 2288 757 2348 et
779 2284 878 2349 ratio'
904 2287 973 2351 uim
998 2308 1064 2372 gra-

53 2371 193 2436 dationis
231 2373 336 2437 inesse
374 2374 436 2437 sibi
473 2373 668 2456 persuadens
704 2373 837 2438 rescribi
874 2375 982 2457 uoluit
1018 2376 1063 2439 ‘in

53 2461 189 2543 caelum,
214 2461 331 2544 quibus
351 2461 446 2524 datus
466 2466 516 2526 est
535 2482 640 2527 sermo
661 2466 693 2525 et
706 2460 815 2529 ratio&
848 2483 964 2526 uerum
985 2465 1063 2529 enim

53 2569 130 2612 uero
158 2548 352 2613 facultatum
381 2549 594 2613 humanarum
623 2572 749 2614 summa
777 2550 830 2614 hic
853 2551 985 2634 quidem
1013 2553 1064 2617 ha·

54 2636 150 2701 betur
168 2639 201 2701 in
221 2639 330 2702 uerbis
345 2637 474 2721 ‘quibus
488 2640 598 2702 uultus
613 2644 748 2722 erectus,
763 2639 880 2723 quibus
898 2646 1064 2724 suspectus

54 2727 86 2788 in
120 2726 265 2808 caelum',
297 2727 416 2811 quippe
448 2749 505 2810 per
532 2749 613 2810 quae
640 2749 712 2792 cum
745 2728 886 2791 maxime
919 2728 1064 2794 homines

55 2821 261 2897 opponantur
288 2816 392 2879 beluis
425 2816 536 2898 pronis
569 2817 603 2879 in
634 2820 820 2900 terramque
846 2820 1065 2902 uergentibus.

54 2903 163 2986 Itaque
202 2924 307 2967 sermo
340 2908 373 2968 et
405 2904 503 2986 ratio,
538 2905 746 2988 quantumuis
779 2926 837 2988 per
869 2927 904 2969 se
938 2908 1065 2972 maiorIs

54 2991 223 3073 momenti,
247 2991 300 3055 hic
322 2997 450 3057 tantum
473 2997 584 3056 utres
608 2995 748 3058 minores
772 2993 906 3078 adiungi
930 3000 1066 3078 possunt

55 3101 113 3163 per
132 3079 311 3163 simplicem
331 3082 490 3164 copulam,
508 3103 575 3145 non
594 3104 651 3165 per
669 3084 844 3164 repetitum
862 3085 963 3148 tertio
982 3107 1066 3149 cum·

56 3188 117 3251 que
148 3167 339 3251 gradatione
363 3168 514 3253 ‘quibus'.
560 3171 675 3234 uitium
705 3176 811 3235 autem
841 3192 908 3235 non
936 3176 1007 3237 tam
1035 3174 1066 3237 in

56 3256 177 3321 omissa
213 3257 321 3340 aliqua
354 3260 470 3340 copula
502 3280 599 3341 quam
633 3258 666 3322 in
698 3259 770 3343 ipso
803 3260 903 3325 uerbo
938 3260 1065 3326 ‘sermo'

54 3347 154 3410 latere
179 3345 260 3409 mihi
282 3344 419 3410 uidetur.
461 3347 537 3430 quid
561 3347 669 3411 enim?
700 3371 777 3412 num
806 3369 927 3427 sermo,
957 3351 1066 3417 dotum

54 3434 269 3500 humanarum
293 3456 369 3498 sane
393 3456 490 3518 quam
514 3437 699 3520 praecipua,
722 3437 774 3502 hic
798 3438 974 3521 quidquam
998 3461 1066 3523 per·

45 3524 134 3592 tinet
157 3527 200 3595 ed
222 3527 445 3617 propositum,
468 3547 533 3612 quo
553 3546 629 3589 eum
646 3545 707 3604 per
726 3528 854 3584 seueros
874 3533 1079 3584 sanemarium
