2378 3930
130 189 174 254 46
478 190 658 249 ΡΟΜΡΟΝΙΙ
676 189 801 279 MllLAE

131 353 263 439 grandis
287 357 320 419 et
343 353 481 419 subinde
508 352 664 439 grandior
686 353 774 418 inter
796 351 918 419 Volcae
946 356 979 418 et
1002 352 1148 423 Cavares

77 458 111 509 80
131 442 300 507 emittitur.
332 443 421 507 ultra
438 445 515 507 sunt
532 446 651 527 stagna
669 440 856 525 Volcarum,
874 441 998 507 Ledum
1016 442 1148 529 flumen,

130 530 300 596 castellum
323 529 458 614 Latara,
485 529 599 595 Mesua
626 529 721 596 collis
744 530 904 597 incinctus
932 532 1016 596 mari
1043 553 1148 616 paena

128 619 284 704 undique,
306 641 345 685 ae
366 620 433 685 nisi
455 619 541 704 quod
566 623 705 704 angusto
735 639 856 704 aggere
884 620 1065 686 continenti
1089 621 1146 686 ad-

128 708 271 774 nectitur
297 708 415 774 insula.
465 712 536 772 tum
565 728 604 772 ex
632 705 793 773 Cebennis
822 707 981 774 demissus
1008 708 1172 775 Araurisr

76 810 115 864 81‘
129 795 221 861 iuxta
234 794 401 881 Agathan,
418 795 594 861 secundum
607 794 761 861 Beterras
775 793 873 864 Orbis
889 795 970 861 duit
1002 796 1092 863 Atax
1106 819 1146 863 ex

128 882 294 969 Pyrenaeo
317 889 428 956 monte
451 884 632 970 degressus,
656 906 720 969 qua
738 884 789 950 sui
810 883 913 949 fontis
932 885 1146 968 aquisierit,

127 974 263 1059 exiguus
291 973 456 1058 vadasque
484 977 548 1055 est,
580 975 614 1037 et
641 972 706 1037 iam
734 973 878 1057 ingentis
907 972 1030 1058 alioqui
1058 973 1145 1041 alvei

126 1065 239 1127 tenens
269 1060 334 1126 nisi
366 1061 424 1126 ubi
454 1060 645 1127 Narbonem
682 1060 826 1146 adtingit
855 1083 1017 1146 nusquam
1052 1062 1144 1128 navi·

126 1149 255 1234 gabilis,
278 1148 335 1221 sed
358 1172 431 1215 cum
453 1149 600 1215 hibernis
618 1149 777 1214 intumuit
798 1149 958 1215 imbribus
977 1172 1081 1235 usque
1104 1172 1142 1219 eo
1155 1174 1180 1216 ro

126 1237 241 1304 solitus
264 1237 434 1323 insurgere
456 1242 494 1303 ut
516 1259 551 1302 se
573 1237 644 1323 ipse
666 1260 733 1303 non
751 1238 869 1322 capiat.
913 1238 1004 1304 lacus
1022 1239 1142 1324 accipit

125 1346 199 1390 eum
221 1325 409 1393 Rubraesus
432 1326 564 1392 nomine
588 1326 755 1410 spatiosus
779 1325 969 1411 admodum,
998 1327 1054 1393 sed
1078 1349 1143 1412 qua

71 1433 104 1482 aa
124 1435 214 1479 mare
237 1415 385 1481 admittit
407 1415 513 1481 tenuis
537 1414 638 1479 aditu.
682 1414 771 1480 ultra
793 1418 843 1480 est
864 1413 1009 1481 Leucata
1032 1416 1140 1483 litoris

122 1523 243 1568 nomen
270 1506 304 1569 et
326 1501 476 1588 Salsulae
497 1503 586 1587 fons,
611 1525 681 1568 non
703 1502 851 1568 dulcibus
875 1504 969 1588 aquis
996 1504 1140 1570 defluens

124 1591 180 1657 sed
198 1591 388 1659 salsioribus
403 1593 503 1657 etiam
517 1614 616 1676 quam
629 1592 775 1657 marinae
789 1595 880 1675 sunt,
899 1593 991 1658 iuxta
1005 1613 1139 1678 campus
1152 1614 1177 1658 rs

122 1680 248 1747 minuta
265 1680 447 1747 harundine
465 1680 643 1766 gracilique
660 1680 843 1764 perviridis,
860 1684 1006 1747 ceterum
1020 1685 1140 1768 stagno

123 1769 280 1835 subeunte
309 1790 494 1853 suspensus.
543 1769 578 1835 id
607 1769 797 1835 manifestat
823 1769 930 1834 media
961 1791 1039 1854 pars
1069 1772 1140 1837 eius

122 1878 204 1940 quae
228 1858 373 1924 abscissa
389 1858 549 1942 proximis
571 1858 661 1930 velut
683 1857 793 1923 insula
809 1861 913 1941 natat,
935 1859 1081 1943 pellique
1104 1881 1140 1925 se

68 1963 101 2013 83
121 1949 220 2030 atque
243 1947 374 2013 adtrahi
395 1947 530 2033 patitur.
577 1945 656 2032 quin
674 1950 770 2019 etex
792 1945 947 2031 hisquae
970 1947 1014 2012 ad
1035 1948 1139 2013 imum

119 2034 270 2118 perfossa
296 2039 373 2103 sunt
395 2036 554 2102 suffusum
577 2057 667 2101 mare
690 2034 880 2104 ostenditur.
925 2035 1013 2100 unde
1039 2033 1135 2103 Grais
1148 2058 1175 2101 ao

118 2125 303 2208 nostrisque
340 2125 439 2190 ctiam
477 2124 681 2208 auctoribus,
721 2122 831 2189 verine
871 2123 1059 2209 ignorantia
1096 2146 1139 2191 au

118 2212 332 2293 prudentibus
359 2214 460 2278 etiam
486 2213 647 2278 mendacii
675 2212 822 2277 lubidine
853 2212 960 2278 visum
987 2216 1040 2279 est
1070 2216 1137 2279 tra-

118 2299 192 2363 dere
224 2300 379 2384 posteris,
410 2301 445 2365 iu
468 2322 507 2366 ea
533 2300 668 2384 regione
695 2301 819 2384 piscem
846 2323 863 2366 e
890 2305 978 2367 terra
1004 2302 1138 2387 penitus

119 2389 200 2471 erui,
233 2389 318 2473 quod
349 2388 406 2453 ubi
434 2409 474 2454 ex
501 2389 569 2454 alto
601 2388 769 2473 hucusque
796 2390 980 2472 penetravit
1006 2411 1066 2474 per
1098 2412 1137 2456 ca

65 2494 100 2544 84
117 2475 281 2542 foramina
302 2476 370 2541 ictu
393 2477 596 2562 captantium
619 2477 809 2543 interfectus
828 2477 1017 2544 extrahitur.
1061 2479 1137 2545 inda
1150 2498 1177 2543 a

118 2568 169 2629 est
197 2587 254 2631 ora
281 2563 466 2633 Sordonum
498 2569 533 2631 et
558 2587 660 2650 parva
691 2566 826 2632 flumina
853 2566 940 2632 Telis
974 2571 1009 2632 et
1038 2566 1137 2648 licis,

117 2653 175 2719 ubi
201 2655 371 2721 adoravere
403 2675 572 2740 persaeva,
604 2656 734 2723 colonia
760 2653 917 2733 Ruscino,
949 2656 1039 2721 vicus
1065 2655 1135 2721 Eli-

116 2741 246 2827 berrae,
276 2765 415 2831 magnae
442 2743 606 2829 quondam
632 2744 724 2811 urbis
750 2747 784 2808 et
813 2763 1008 2829 magnarum
1035 2766 1137 2830 opum

121 2834 219 2897 tenue
251 2833 435 2917 vestigium.
489 2837 559 2898 tum
595 2832 682 2898 inter
713 2831 872 2914 Pyrenaei
908 2833 1136 2919 promunturia

188 3047 213 3096 4.
229 3046 253 3096 5.
268 3040 429 3095 adnectitur
442 3040 483 3094 A¹
497 3039 657 3095 annectitur
669 3039 710 3094 A’
765 3047 789 3096 5.
805 3040 934 3096 demissis
947 3043 976 3097 A
998 3092 1001 3097 .
1025 3042 1134 3097 arausis

114 3112 143 3167 A
169 3110 284 3166 Araums
316 3111 428 3168 Vossius
504 3118 529 3167 6.
557 3111 699 3167 achathan
727 3113 755 3168 A
777 3112 910 3182 Agathan
934 3113 1061 3170 Scbcttuc

116 3189 140 3237 7.
169 3183 311 3253 digressio
338 3183 366 3236 A
448 3199 503 3251 qua
529 3181 560 3236 ui
586 3183 614 3236 A
645 3199 702 3252 qua
729 3183 772 3239 sui
803 3184 949 3241 Vedianas
1030 3190 1055 3239 9.
1083 3184 1131 3238 ad-

114 3253 203 3323 tingit
229 3253 270 3307 A¹
301 3253 419 3324 attingit
450 3252 491 3307 A'
577 3260 619 3309 14.
652 3255 756 3310 salsole
787 3255 815 3309 A
902 3263 944 3312 16.
972 3254 1132 3310 harundine

114 3324 155 3378 A¹
183 3342 252 3382 corr.
326 3331 367 3380 19.
395 3323 508 3380 adtrahi
534 3324 576 3378 A¹
603 3325 710 3380 attrahi
736 3325 777 3382 A'
849 3333 892 3382 22.
919 3325 1074 3381 mendaciis
1102 3327 1132 3381 A

186 3403 229 3453 25.
253 3394 426 3465 caplantium
449 3395 477 3449 A
500 3395 674 3466 captantium
692 3415 712 3452 rc
784 3402 827 3452 2⁷.
846 3396 995 3453 adoravere
1019 3397 1061 3451 A¹
1083 3413 1131 3452 ac·

130 3483 227 3523 revere
246 3465 287 3524 A*
361 3474 402 3524 29.
422 3466 617 3538 promunturia
634 3468 675 3522 A¹
694 3467 888 3539 promuntoria
905 3467 945 3522 A’
