2378 3930
43 192 135 250 XXIV
348 191 519 248 EDITORIS
536 191 753 251 PRAEFATIO.

45 344 79 406 et
108 337 255 404 concedis
283 340 430 424 spectare
458 336 546 403 ‘illis'
575 341 645 403 tam
674 336 715 404 ad
743 337 876 403 ‘solata'
901 340 1059 424 quemad

45 426 233 494 ‘blanditur'
262 424 337 513 (neo
361 426 470 492 ‘alicui
493 426 603 511 aliqua
627 448 662 491 re
685 425 840 491 blandiri'
863 426 1022 493 abhorret
1041 450 1059 494 a

45 512 236 603 latinitate),
258 516 344 580 idem
368 537 446 580 num
469 519 557 580 recte
581 513 662 580 ‘uita
683 514 840 580 rediuiua'
858 514 991 582 dicatur
1009 517 1058 581 du·

45 605 166 673 bitabis
198 604 445 689 expectabisque
467 603 577 687 potius
601 602 777 669 ‘recidiua'.
823 603 938 669 dehis
962 605 1061 690 igitur

47 693 213 760 uocabulis
236 693 335 777 paulo
359 693 520 776 copiosius
545 712 642 777 agam
665 695 802 777 oportet,
825 714 899 758 cum
916 715 1061 779 praeser-

47 784 108 849 tim
136 782 274 867 diligens
298 780 334 847 L.
356 779 474 867 Langii
503 779 541 844 de
566 780 633 845 illis
657 779 834 865 disputatio
859 778 1010 867 (Curtius
1033 787 1063 849 et

46 872 225 956 Bregma,
248 868 338 935 stud.
358 869 389 933 X
412 893 443 954 p.
461 870 526 935 227
543 867 626 956 sqq.)
648 891 715 935 non
738 871 828 935 omni
846 893 866 935 a
884 874 981 955 parte
1000 871 1062 936 sui·

46 961 144 1026 ficiat.
190 962 223 1024 et
252 957 436 1024 ‘recidiuus'
465 957 595 1043 quidem
622 959 816 1024 uocabulum
845 959 922 1044 quid
944 961 1063 1045 ualeat,

49 1049 170 1132 optimc
197 1047 321 1132 primus
346 1044 426 1132 (nisi
448 1045 562 1132 fallor)
586 1045 625 1111 A.
645 1046 682 1113 G.
701 1047 869 1132 Zumptius
893 1070 913 1112 a
936 1047 1061 1134 Langio

48 1138 214 1223 neglectus
234 1134 365 1221 (Rutilii
386 1133 576 1200 Namatiani
601 1157 632 1219 p.
658 1137 722 1201 120
737 1137 800 1221 sq.)
825 1138 991 1221 exposuit:
1013 1159 1063 1221 pe

48 1227 144 1292 titam
168 1246 238 1291 esse
261 1224 439 1308 imaginem
463 1247 483 1289 a
504 1224 682 1308 frumento,
704 1223 791 1310 quod
813 1245 886 1289 oum
910 1225 1063 1291 demetia-

49 1319 112 1400 tur‚
134 1314 205 1379 fieri
228 1317 265 1378 ut
286 1313 445 1378 nonnulla
468 1313 592 1377 semina
614 1335 725 1377 rursus
748 1313 784 1377 in
804 1316 926 1377 terram
946 1314 1062 1380 cadant

50 1424 88 1468 ao
118 1402 323 1467 renascentia
352 1401 500 1487 plantam
527 1402 724 1485 instaurent3
756 1400 842 1466 unde
868 1403 1062 1467 translatam

49 1491 202 1556 uocabuli
239 1489 512 1575 significationem
549 1488 666 1575 (ueluti
699 1488 870 1574 ‘Pergama
901 1491 1064 1575 recidiua',

50 1579 163 1645 ‘febris
186 1578 349 1664 recidiua',
372 1577 471 1644 'mala
493 1577 646 1644 recidiua'
670 1576 870 1664 similiaque)
894 1579 990 1646 facile
1013 1602 1062 1645 ex-

50 1668 173 1754 plicari.
224 1667 337 1752 quodsi
369 1666 462 1752 apud,
482 1666 719 1732 Tertullianum
748 1665 804 1753 (ad
830 1666 929 1733 Marc.
954 1669 987 1751 4,
1009 1665 1062 1755 25)

50 1757 200 1842 legimus:
224 1756 278 1821 sed
295 1757 372 1838 quio
389 1760 418 1822 ct
433 1756 548 1822 motui
565 1756 631 1820 ium
648 1755 878 1822 susutohoutur
895 1778 918 1822 o
935 1755 1063 1835 Olonico

51 1847 255 1912 excusamus
290 1846 334 1910 od
362 1864 447 1929 spem
477 1848 618 1909 ceam
648 1845 733 1910 uitae
761 1865 821 1928 per
853 1847 994 1930 exemplo
1022 1867 1064 1911 re·

51 1935 171 2000 adauae
198 1955 270 2018 eqs‚
299 1933 371 2017 ipsa
397 1934 483 1997 inter
511 1936 675 1998 aeternam
703 1937 736 1998 et
762 1934 936 1999 recidiuam
964 1934 1063 1999 uitam

53 2023 261 2108 oppositione
287 2021 434 2107 patefieri
462 2025 540 2106 puto
571 2021 647 2105 quid
676 2023 719 2086 sit
738 2021 886 2090 recidiua
909 2023 968 2088 illa
990 2024 1063 2088 uita.

52 2134 169 2196 nempe
198 2113 255 2197 qui
283 2133 418 2195 corpore
446 2111 579 2175 iamiam
604 2111 725 2195 frigido
754 2112 790 2175 in
817 2110 937 2177 feretro
962 2112 1065 2177 iacent

53 2222 112 2285 pro
141 2201 366 2284 cadaueribus,
392 2199 428 2262 in
455 2199 527 2283 ipso
554 2203 664 2262 tamen
691 2220 825 2284 corpore
854 2201 948 2284 quasi
973 2223 1063 2286 quae·

54 2290 129 2354 dam
158 2289 280 2354 semina
309 2289 507 2353 renascentis
535 2287 621 2351 uitae
649 2288 848 2372 relinquunt,
878 2293 916 2353 ut
937 2293 1066 2354 recten
1103 2366 1106 2376 Ι

55 2376 185 2442 Christo
214 2396 272 2459 per
294 2376 487 2440 miraculum
512 2376 660 2440 suscitati
684 2376 834 2441 dicantur
856 2379 1005 2443 reuocari
1029 2378 1066 2442 ad

54 2466 157 2529 uitam
184 2463 375 2548 recidiuam3
402 2467 437 2528 at
463 2465 517 2548 qui
540 2465 674 2530 humato
698 2464 764 2529 iam
787 2466 978 2551 dilapsoquc
1003 2489 1067 2532 cor·

55 2575 134 2637 pore
154 2575 192 2619 ex
211 2552 367 2637 sepulcris
386 2552 577 2637 excitantur,
595 2575 660 2618 non
679 2559 818 2638 possunt
831 2556 896 2620 nisi
911 2555 952 2620 ad
967 2556 1068 2620 uitam

56 2642 238 2707 rediuiuam
256 2663 433 2727 resurgere.
469 2663 545 2706 nam
566 2663 623 2706 suo
643 2642 712 2707 iure
730 2643 873 2729 Longius
891 2644 954 2709 hoc
974 2666 1069 2709 uoca-

57 2731 170 2795 bulum
190 2729 378 2796 ‘rediuiuus'
398 2731 467 2795 siue
486 2729 684 2796 ‘reduuiuus'
704 2733 863 2797 deriuauit
882 2732 1071 2797 areduendi

56 2819 170 2901 uerbo,
198 2819 281 2884 unde
310 2820 408 2884 etiam
431 2818 615 2903 ‘reduuiae',
642 2820 681 2884 de
710 2821 827 2905 quibus
856 2820 896 2885 cf.
920 2820 1071 2886 Placidus

59 2907 261 2991 Deuerlingii
279 2932 310 2993 p.
327 2909 378 2974 78.
415 2908 587 2972 discrimen
607 2908 708 2992 igitur
724 2911 810 2972 inter
829 2909 891 2974 duo
907 2910 963 2974 illa
978 2933 1072 2976 uoca-

58 2996 135 3060 bula
158 2996 355 3060 intercedere
377 3001 457 3081 puto
480 2997 560 3061 hooe
582 2997 666 3080 quod
686 2996 885 3061 ‘recidiuum'
905 3002 956 3063 e'st
975 3020 1072 3064 omne

60 3107 99 3150 ex
119 3085 243 3168 antiqui
261 3088 367 3149 status
385 3086 531 3168 reliquiis
545 3106 726 3167 renascens,
744 3084 947 3150 ‘rediuiuum'
963 3095 1072 3151 autem

59 3174 92 3238 id
112 3173 197 3258 quod
216 3172 354 3256 pristino
374 3173 489 3238 habitu
504 3173 609 3237 deleto
625 3178 808 3238 renouatur.
840 3196 976 3259 cumque
991 3177 1072 3240 haec

60 3261 158 3328 facies
185 3281 272 3325 noua
299 3266 413 3345 utpote
441 3263 650 3326 iuuenesoens
675 3284 770 3346 saepe
794 3264 894 3327 ueteri
917 3266 1073 3348 praestet,

62 3356 112 3417 est
139 3351 196 3415 ubi
224 3348 428 3414 ‘rediuiuum'
457 3351 663 3433 interpretari
691 3352 787 3416 liceat
815 3350 948 3415 ‘nouum
972 3359 1072 3437 atque

60 3439 199 3506 melius'.
244 3442 385 3504 ceterum
418 3438 551 3502 euanuit
580 3437 647 3502 fere
677 3440 849 3505 discrimen
876 3440 956 3504 illud
987 3441 1072 3524 apud

48 3531 231 3598 nonnullos
256 3533 373 3621 poetas
399 3533 434 3595 et
457 3527 655 3612 scriptores,
677 3528 878 3608 praesertim
893 3529 1086 3602 posterum
