2378 3930
345 203 526 301 cucanea.
544 205 571 260 11
589 211 614 261 a.
633 210 651 265 4
671 207 799 277 (er-eo)
1031 207 1073 273 41

59 367 168 452 prima
201 367 270 439 eius
301 370 431 455 nuent,
467 367 638 452 sequentia
669 365 852 453 Taulantii,
884 365 1077 451 Encheleoe,

59 455 237 525 Phaeaces.
290 456 365 525 dein
396 459 474 525 sunt
505 477 586 540 quos
618 457 750 541 proprie
781 455 912 540 Illyrios
949 459 1077 540 vocant,
1096 475 1130 527 ee

59 548 129 615 tum
151 542 262 615 Piraei
285 548 319 615 et
340 544 476 611 Liburni
502 549 536 609 et
557 543 691 615 Hirtria.
737 544 867 613 urbium
893 545 1001 629 prima
1028 549 1077 611 est

59 631 205 718 Oricum,
233 633 375 703 monada
396 633 632 718 Dyrrachium,
659 632 863 719 Epidamnos
893 636 968 699 aute
996 638 1077 718 eret,

34 721 203 791 sltomani
220 743 339 793 nomen
357 724 534 805 mutavere,
553 722 629 807 quia
647 722 788 789 velutin
806 721 963 791 damnum
980 722 1076 791 ituris

58 830 157 883 omen
188 811 223 877 id
250 811 357 881 vinnm
389 814 448 879 est.
500 811 589 879 ultra
622 814 699 879 sunt
725 809 915 895 Apollonia,
948 808 1129 895 Salonam

58 897 168 984 ludar,
198 896 346 984 Narona,
374 899 584 985 Tragurium,
615 899 706 967 sinus
732 898 899 969 Polaticus
928 902 962 963 et
986 897 1077 983 Pola,

59 988 225 1072 qnondam
256 1011 277 1054 a
304 986 435 1055 Colchis
461 991 498 1054 ut
524 987 635 1057 femnt
660 986 824 1072 habitate,
855 988 890 1053 in
920 991 1077 1072 quantum

57 1098 109 1142 res
136 1077 323 1149 narsum!
349 1096 437 1145 nunc
463 1075 615 1147 Romana
640 1077 777 1147 colonia.
828 1097 939 1145 amnes
967 1078 1077 1143 autem

25 1165 147 1233 nAeas
171 1168 206 1230 et
225 1164 296 1235 Nar
321 1167 356 1233 et
377 1164 548 1232 Danuvius
571 1165 628 1250 qui
649 1165 715 1233 iam
743 1165 849 1235 dietus
878 1167 929 1231 est
949 1163 1077 1233 Hister:

57 1254 115 1321 sed
137 1252 227 1325 Aeas
250 1254 426 1325 secundum
449 1253 671 1338 Apolloniam,
693 1253 763 1321 Nar
785 1254 871 1321 inter
888 1253 1021 1321 Piraeos
1045 1256 1079 1321 et

56 1340 235 1423 Liburnos,
257 1363 316 1426 par
337 1341 472 1415 Histros
494 1341 608 1409 Hister
632 1342 802 1413 emittitur.
848 1341 1005 1429 Tergeste
1028 1341 1076 1409 in·

55 1433 150 1501 turno
172 1431 209 1499 in
232 1431 306 1501 sinu
328 1430 472 1502 Hadriae
496 1431 596 1497 situm
618 1430 691 1501 finit
713 1430 892 1516 Illyricum.

147 1517 198 1587 Do
229 1518 331 1621 ltalia
362 1519 470 1604 magis
501 1520 578 1604 quia
615 1519 695 1587 ordo
726 1521 831 1605 exigit
864 1518 963 1604 quam
1000 1518 1077 1604 quia
1095 1501 1130 1626 ἑξ

24 1626 47 1671 u
57 1612 238 1677 monstrari
261 1613 336 1693 eget
357 1630 463 1693 pauca
486 1608 645 1675 mensur:
669 1612 750 1677 nota
763 1610 847 1675 ,sunt
869 1608 987 1674 omnia
1034 1608 1075 1673 ab

56 1696 200 1781 Alpibus
222 1697 338 1781 incipit
360 1698 395 1763 in
418 1698 520 1765 altum
549 1698 715 1781 excedere,
743 1701 841 1782 atque
867 1701 906 1763 ut
930 1695 1077 1779 procedit

58 1806 93 1851 ss
121 1785 230 1853 media
256 1789 415 1870 perpetuo
441 1785 520 1870 iugo
542 1784 732 1870 Appennini
758 1787 880 1855 montis
908 1785 1078 1869 adtollens,

56 1874 144 1939 inter
171 1872 400 1943 Hadriaticum
428 1877 461 1943 ct
489 1873 631 1941 Tuscum
659 1875 742 1958 sive,
771 1878 809 1942 ut
836 1873 932 1941 aliter
964 1873 1077 1939 eadem

58 1962 280 2048 adpellmitur,
305 1965 393 2033 inter
415 1961 572 2047 Superum
595 1982 684 2029 marc
708 1967 742 2026 et
764 1962 908 2029 Inferum
936 1961 1078 2025 excurrit

24 2050 115 2115 adiu
148 2051 261 2121 solida
316 2073 428 2118 verum
464 2052 520 2117 ubi
551 2052 649 2135 longe
687 2050 759 2115 abit
788 2050 824 2118 iu
859 2049 924 2117 duo
954 2069 1078 2115 cornua

58 2138 211 2223 finditur,
245 2140 441 2224 respicitque
474 2141 578 2207 altero
610 2137 752 2217 Siculum
784 2139 937 2222 pelagus,
975 2137 1077 2203 altero

58 2226 204 2297 Ionium:
237 2232 311 2295 tota
340 2232 543 2314 angustast
574 2227 695 2295 alieubi
722 2227 828 2293 multo
861 2247 959 2311 quam
991 2224 1076 2291 unde

59 2317 169 2402 coepit
191 2318 368 2402 angenticr.
402 2318 569 2383 ¹interiora
588 2317 657 2383 eius
681 2317 765 2385 aliae
783 2315 932 2400 aliaeque
953 2317 1077 2400 gentes,
1096 2333 1129 2384 59

59 2405 230 2473 sinistram
260 2409 402 2490 partem·
416 2403 528 2490 Carni,
561 2410 595 2471 et
626 2403 745 2473 Veneti
775 2406 889 2473 colunt
914 2403 1077 2488 Togatam

23 2512 45 2557 a
58 2492 216 2578 Galliam3
239 2499 310 2561 tum
327 2495 435 2565 Italici
456 2494 570 2580 populi
587 2494 747 2577 Picentes,
769 2492 936 2576 Frentani,
958 2491 1077 2576 Dauni,

55 2583 190 2666 Apuli,
214 2581 366 2668 Calabri,
400 2581 583 2651 Sallentini.
642 2583 683 2649 ad
720 2583 867 2651 dextram
904 2584 981 2647 sunt
1016 2581 1076 2647 sub

57 2669 198 2756 Alpibus
230 2672 383 2757 Ligures,
416 2673 476 2739 sub
510 2671 705 2757 Appennino
734 2671 881 2754 Etruria3
913 2673 989 2754 post
1015 2667 1076 2735 La·

56 2759 155 2843 tium,
185 2759 312 2846 Volsci,
344 2758 525 2845 Campania
555 2764 589 2828 et
616 2781 713 2843 super
740 2757 919 2827 Lucaniam
944 2758 1077 2825 Bruttii.

57 2848 190 2913 urbium
214 2871 297 2933 quae
320 2850 434 2933 procul
453 2871 473 2913 a
495 2849 580 2914 mari
598 2847 791 2913 habitantur
810 2847 1076 2933 opulentissimae
1095 2866 1129 2916 60

24 2939 137 3001 nsunt
168 2937 210 3003 ad
243 2938 410 3005 sinistram
441 2937 613 3004 Patavium
645 2936 845 3021 Antenoris,
879 2935 1008 3002 Mutina
1044 2937 1078 3000 et

117 3135 155 3186 ·1.
171 3127 321 3198 paulanbhi
335 3129 363 3183 A
379 3128 522 3187 Taulantii
535 3146 557 3185 n
610 3127 706 3185 encela
720 3128 749 3186 A
762 3127 922 3183 Encheleae
938 3127 1078 3187 ottoniae

134 3206 301 3268 corycum
322 3201 352 3255 A
428 3207 454 3256 6.
477 3200 586 3257 amunia
607 3200 635 3254 A
659 3199 763 3255 Salona
784 3215 805 3255 a
877 3204 901 3254 7.
924 3199 1078 3255 traourium

57 3270 86 3325 A
160 3276 203 3327 10.
223 3271 444 3331 eaaAAeaso
518 3277 560 3325 11.
580 3287 628 3327 eas
651 3270 679 3325 A
741 3286 759 3323 a
780 3268 914 3325 ollineam
934 3270 961 3323 A
1035 3277 1077 3326 12.

59 3348 100 3397 13.
120 3340 231 3399 intumo
248 3343 289 3399 aie
307 3342 335 3396 A
404 3349 446 3397 14.
466 3341 561 3412 exegit
574 3343 602 3397 A
675 3348 716 3397 17.
769 3339 873 3395 tollens
887 3339 928 3394 A¹
943 3340 1078 3397 attollens

57 3411 98 3467 A’
164 3419 206 3469 1c.
226 3411 406 3484 adpellantur
423 3414 465 3468 A¹
483 3413 664 3484 appellantur
681 3411 723 3471 Α*
781 3418 824 3469 24.
844 3409 925 3467 cauni
948 3412 976 3464 A
995 3409 1078 3465 Gemi

58 3484 206 3540 Burburus
278 3490 321 3540 27.
340 3484 501 3557 adpennino
520 3485 565 3538 Ἀ1
588 3482 749 3555 appennino
772 3481 812 3538 A¹
886 3488 929 3537 28.
948 3481 1038 3536 brutii
