2378 3930
393 223 572 282 OCTAVIUS
591 243 613 281 e.
633 231 675 281 26.
695 233 738 281 27.
1027 226 1071 291 43

59 370 218 454 pecudum
234 370 385 454 saginati,
404 371 548 434 remissis
563 392 643 454 quae
658 371 927 455 constrinxerant,
942 394 1071 437 curasse

60 459 238 524 uideantur.
266 459 318 523 his
337 459 454 539 cuthei,
472 458 616 522 furentes
631 480 712 543 quos
727 459 761 522 in
775 460 940 542 publicum
953 460 1070 526 uidetis
1089 477 1105 528 3

60 568 225 612 excurrere
248 551 354 630 uates3
383 548 510 631 etipse
534 547 655 632 absque
681 547 804 630 templo
828 548 874 612 sic
896 549 1071 632 insaniunt,

61 637 107 700 sic
129 636 338 718 bacchantur,
362 635 408 700 sic
431 639 595 701 rotantur:
617 657 678 718 par
701 639 732 700 et
755 636 790 699 in
812 636 877 700 illis
900 637 1070 721 instigatio

32 724 241 808 sdaemonis,
274 723 330 789 sed
363 727 590 808 argumentum
619 724 728 807 dispar
754 723 883 789 furoris.
925 725 963 788 de
990 726 1107 809 ipsis4

60 813 160 877 etiam
178 813 246 897 illu,
270 833 352 898 quae
371 811 470 898 paulo
490 816 564 876 ante
583 812 643 876 tibi
663 813 853 895 dictasunt,
872 816 908 877 ut
924 812 1072 897 Iuppiter

59 901 153 966 ludos
186 905 345 985 repeteret
376 922 414 965 ex
447 901 587 984 somnio,
619 904 656 965 ut
688 923 761 966 cum
793 902 886 985 equis
920 900 1070 967 Castores

59 990 253 1074 uiderentur,
275 993 313 1055 ut
330 989 495 1075 cingulum
516 992 686 1054 matronae
704 989 854 1054 nauicula
874 995 1069 1075 sequeretur.

58 1078 271 1144 haecomnia
298 1079 405 1143 sciunt
432 1078 585 1163 pleraque
613 1100 688 1162 pars
712 1083 857 1143 uestrum
885 1079 974 1163 ipsos
997 1078 1104 1147 daeo

19 1191 46 1230 ro
59 1189 173 1233 monas
197 1167 235 1231 de
259 1171 361 1232 semet
384 1166 540 1250 confiteri,
564 1166 713 1250 quotiens
737 1188 756 1230 a
779 1167 874 1231 nobis
897 1169 1069 1232 tormentis

58 1256 231 1320 uerborum
255 1259 288 1320 et
310 1255 466 1321 orationis
490 1255 647 1320 incendiis
667 1255 706 1318 de
730 1255 917 1338 corporibus
937 1257 1068 1340 exigun-

57 1349 119 1408 tur.
155 1346 225 1427 ipse
247 1343 405 1409 Saturnus
430 1350 462 1407 et
484 1341 615 1427 Serapis
638 1345 671 1406 et
693 1342 840 1428 luppiter
863 1347 896 1407 et
918 1345 1069 1429 quiequid
1087 1364 1103 1412 6

58 1433 250 1497 daemonum
278 1433 385 1497 colitis
412 1431 491 1496 uicti
519 1431 631 1497 dolore
655 1432 740 1514 quod
763 1435 840 1495 sunt
863 1433 1068 1518 eloquuntur3

57 1541 117 1585 nee
140 1520 252 1605 utique
275 1521 310 1584 in
331 1519 565 1603 turpitudinem
593 1520 656 1602 sui,
683 1520 848 1584 nonnullis
877 1522 1068 1603 praesertim

17 1630 43 1672 15
58 1611 202 1674 uestrum
222 1608 463 1690 adsistentibus,
486 1607 695 1672 mentiuntur.
732 1608 811 1690 ipsis
830 1609 978 1692 testibus,
998 1631 1068 1674 esse
1088 1627 1103 1676 t

57 1720 113 1763 eos
137 1698 322 1781 daemonas,
345 1695 466 1761 credite
487 1696 599 1779 fassis3
624 1695 762 1760 adiurati
787 1697 874 1759 enim
896 1718 955 1779 per
973 1697 1067 1762 deum

56 1808 170 1851 uerum
191 1790 224 1850 et
246 1786 351 1850 solum
373 1785 469 1850 inuiti
492 1785 602 1848 miseri
626 1785 815 1868 corporibus
838 1784 1067 1850 inhorrescunt

57 1879 90 1939 et
112 1875 165 1939 uel
188 1873 323 1938 exiliunt
345 1874 458 1939 statim
480 1874 532 1938 uel
555 1876 755 1938 euanescunt
778 1872 948 1958 gradatim,
970 1879 1067 1957 prout

55 1964 136 2027 fides
168 1962 321 2046 patientis
354 1962 486 2027 adiuuat
518 1966 575 2025 aut
606 1962 713 2046 gratia
744 1961 885 2026 curantis
914 1961 1067 2045 adspirat.

16 2075 42 2114 ro
57 2053 104 2116 sie
132 2049 336 2115 Christianos
365 2050 404 2114 de
435 2051 583 2134 proximo
616 2051 773 2135 fugitant,
805 2071 885 2135 quos
918 2051 1015 2135 longe
1048 2074 1067 2115 a

57 2140 202 2204 coetibus
226 2161 284 2222 per
305 2160 365 2202 uos
389 2139 561 2203 lacessant.
594 2139 667 2204 ideo
686 2139 801 2202 inserti
824 2139 986 2204 mentibus
1010 2139 1066 2203 im·
1085 2157 1101 2206 8

56 2228 236 2313 peritorum
264 2228 373 2293 odium
401 2228 506 2292 nostri
533 2231 645 2292 serunt
673 2228 797 2292 occulte
822 2248 880 2310 per
902 2227 1067 2314 timorem,

56 2317 204 2381 naturale
236 2319 286 2382 est
317 2317 404 2381 enim
435 2320 468 2379 et
501 2316 607 2380 odisse
641 2337 735 2400 quem
768 2315 884 2380 timeas
912 2319 945 2379 et
972 2338 1067 2400 quem

57 2405 163 2470 oderis
194 2405 364 2486 infestare,
394 2404 422 2468 si
453 2404 568 2486 possis.
615 2404 662 2468 sie
690 2408 850 2488 occupant
880 2406 1006 2469 animos
1035 2409 1067 2470 et

16 2514 43 2556 ss
58 2494 231 2559 obstruunt
248 2496 393 2578 pectora,
407 2494 444 2556 ut
462 2496 535 2557 ante
551 2514 611 2558 nos
625 2492 784 2575 incipiant
798 2493 945 2559 homines
961 2494 1067 2558 odisse
1083 2552 1091 2564 .

56 2729 89 2788 P,
112 2721 178 2776 dum
200 2720 334 2774 librarius
356 2719 387 2774 id
404 2720 490 2788 quode
512 2719 584 2773 iuter
604 2719 776 2773 scribendum
798 2719 931 2789 copitauit
954 2726 1067 2787 eaurut,·

57 2789 148 2846 bustis
167 2791 194 2845 1.
214 2790 241 2843 I.
263 2789 464 2844 Ooruelissmus
485 2788 495 2857 ΙΙ
519 2795 533 2842 1
557 2787 680 2843 remissis
704 2790 736 2844 iri
753 2789 820 2842 -siun
839 2805 907 2844 corr.
927 2806 960 2844 ru.
980 2793 1000 2845 2
1018 2795 1039 2842 P
1057 2791 1066 2863 11

57 2869 73 2918 2
92 2861 136 2916 his
155 2860 250 2915 enthei
267 2861 380 2930 scripsi:
397 2859 493 2913 hisuut
511 2862 573 2913 etP
590 2858 656 2913 hine
674 2862 739 2913 sunt
757 2861 787 2914 et
800 2861 937 2916 Dauisius
950 2861 960 2930 11
973 2868 990 2915 3
1004 2861 1066 2931 ipso

56 2933 170 3003 scripsi:
187 2931 244 3002 ipsi
260 2933 334 3000 2114
352 2930 524 2986 uacchantur
542 2935 562 2982 P
579 2947 614 2984 m.
635 2933 704 3000 1119
722 2930 849 3001 plerique
868 2947 934 3000 pers
947 2937 976 3000 P,
996 2949 1064 2990 cerr.

55 3004 196 3060 Dauisius
219 3005 224 3071 1
246 3002 308 3072 ipso
328 3005 396 3067 (sos
415 3020 449 3056 ru.
467 3003 496 3069 2)
517 3002 542 3056 d.
562 3001 597 3054 de
617 3003 705 3057 semet
721 3003 797 3072 ipsos
817 3002 878 3071 (sis
896 3020 929 3056 m.
949 3005 981 3073 21
1000 3008 1029 3071 P,
1047 3023 1067 3058 a

55 3093 112 3158 qua
129 3089 229 3129 marrus
247 3079 264 3128 1
284 3075 393 3130 lecticae
411 3074 453 3127 itu
467 3073 607 3142 profectus
624 3090 684 3128 sum
698 3079 730 3127 ut
743 3072 818 3142 ipsos
831 3075 997 3128 restituerem
1013 3091 1066 3142 pro

56 3162 131 3216 ipso,
150 3145 230 3200 cuius
249 3150 287 3199 cst
305 3149 460 3202 correctura
482 3144 492 3213 1
511 3149 544 3197 16
563 3144 646 3198 fessis
664 3161 830 3214 anonymus:
848 3144 928 3198 fessis
947 3150 966 3195 P
984 3161 1018 3199 m.
1038 3149 1065 3212 1,

56 3219 103 3273 cui
125 3230 202 3272 auso
224 3215 259 3270 de
283 3232 312 3270 se
336 3232 433 3270 uerum
456 3214 653 3269 confitentibus
675 3231 813 3284 suprascr.
832 3231 865 3268 m.
887 3220 906 3270 2
930 3217 939 3283 l
962 3220 995 3268 17
1015 3214 1066 3268 mi-

32 3324 36 3334 ·
56 3288 125 3343 seris
143 3286 286 3352 Gelonium
312 3287 433 3356 equidem
452 3301 506 3354 pro
529 3284 613 3339 inuiti
631 3286 724 3340 malim
742 3286 819 3340 initis
838 3285 931 3355 (prr.
950 3291 975 3351 4,
995 3291 1010 3339 7
1031 3285 1065 3340 de

56 3357 176 3414 obsessis
195 3356 367 3427 corporibus)
381 3358 390 3427 11
404 3361 447 3424 20,
461 3360 494 3409 21
515 3373 532 3409 a
548 3355 674 3411 coetibus
688 3374 715 3425 p.
731 3376 757 3412 u.
772 3357 912 3411 lacessant
928 3356 1065 3412 Votienus

55 3431 115 3485 coll.
130 3429 209 3484 Luct.
223 3427 262 3483 IV
276 3433 310 3482 27
329 3429 382 3482 iu:
400 3426 430 3480 in
445 3426 571 3481 coetibus
586 3446 611 3495 p.
627 3445 654 3482 u.
669 3427 846 3482 lacessebant
858 3431 879 3478 P
892 3428 902 3497 1
915 3432 950 3480 23
964 3427 1066 3482 timens

57 3503 86 3569 (n
103 3500 249 3568 pearata)
262 3503 283 3550 P
296 3501 306 3568 1
319 3503 354 3552 24
373 3497 465 3552 oderis
480 3495 698 3554 Freinshemius:
716 3497 849 3553 metueris
864 3505 883 3550 P
899 3501 904 3566 1
918 3497 1065 3553 infestares

56 3572 215 3625 anL
