2378 3930
101 247 145 312 36
455 244 600 301 imon
616 243 756 299 FELICIS

100 393 217 475 loquar
237 389 355 454 llartis
383 394 416 453 et
439 389 577 454 Veneris
605 390 800 454 adulterium
822 388 1062 472 deprehensum
1084 399 1115 453 et

100 481 136 544 iu
158 479 350 563 Ganymede
366 478 456 543 Iouis
479 483 628 563 stupmm
651 479 743 542 caelo
761 478 1011 543 consecratum?
1034 499 1116 562 quae

101 568 212 632 omnia
242 569 278 632 iu
304 567 367 632 hoc
394 566 537 650 prodita,
568 571 606 631 ut
631 568 724 630 uitiis
755 565 925 631 hominum
957 567 1116 651 quaedam

67 657 280 722 saucmritas
311 660 489 741 pararetur.
532 655 584 720 his
611 660 711 740 atque
736 654 924 719 huiusmodi
949 655 1116 740 figmentis

102 750 137 809 et
159 744 335 809 mendaciis
359 744 556 809 dulcioribus
579 748 830 826 corrumpuntur
851 744 984 828 ingenia
1002 765 1115 827 puero·
1139 759 1149 800 ⁵

102 856 176 897 rum
199 839 233 898 et
255 832 359 897 isdem
381 832 502 897 fabulis
525 832 768 897 inhaerentibus
792 832 935 917 adusque
953 854 1117 896 summum

104 922 222 986 aetatis
235 921 336 986 robur
349 921 538 985 adolescunt
552 925 586 984 et
602 921 638 984 in
655 920 760 985 isdem
778 921 989 1006 opinionibus
1008 920 1117 984 miseri

104 1014 350 1092 consenescunt,
367 1031 439 1073 cum
460 1011 504 1073 sit
521 1009 643 1073 ueritas
662 1010 770 1092 obuia,
793 1010 849 1073 sed
866 1010 1115 1093 requirentibus.

69 1118 86 1164 9
105 1099 177 1183 quis
196 1119 275 1184 ergo
294 1097 432 1180 dubitat,
450 1098 583 1162 deomm
600 1096 762 1182 imagines
781 1102 987 1162 consecratas
1000 1098 1116 1182 uulgus

104 1209 199 1252 orare
221 1193 254 1251 et
280 1187 410 1271 publice
433 1187 553 1268 colere,
580 1187 658 1251 dum
680 1187 792 1272 opinio
815 1190 849 1249 et
871 1208 964 1250 mens
987 1186 1151 1269 imperi-1⁰

103 1279 214 1340 torum
236 1276 316 1338 artis
339 1275 558 1339 concinnitate
580 1274 753 1359 decipitur,
782 1275 853 1339 auri
873 1274 1004 1360 fulgore
1027 1297 1116 1358 prae·

105 1364 285 1448 stringitur,
308 1362 434 1446 argenti
456 1363 563 1427 nitore
586 1368 620 1427 et
639 1365 777 1428 caudore
795 1364 903 1428 eboris
920 1363 1115 1427 hebetatur?

54 1469 87 1519 10
105 1451 221 1536 quodsi
247 1452 282 1514 in
309 1450 453 1515 animum
481 1451 554 1535 quis
576 1453 721 1536 inducat,
746 1452 921 1517 tormentis
944 1452 1064 1536 quibus
1086 1455 1116 1516 et

105 1539 222 1624 quibus
240 1539 401 1603 machinis
419 1540 630 1605 simulacrum
647 1563 745 1606 omne
761 1540 930 1623 formetur,
951 1541 1116 1604 erubescet

104 1628 221 1694 timere
244 1650 280 1692 se
302 1629 471 1692 materiem
494 1629 537 1693 ab
560 1630 696 1712 artifice,
722 1633 761 1693 ut
782 1629 878 1693 deum
905 1628 1044 1709 faceret,
1071 1629 1117 1693 iu-
1130 1643 1151 1683 1⁵

55 1735 87 1783 11
106 1718 210 1782 lisam.
248 1717 326 1781 deus
354 1717 441 1780 euim
467 1717 609 1802 ligneus,
637 1718 712 1804 rogi
739 1717 877 1782 fortasse
899 1718 953 1781 uel
980 1716 1118 1781 infelicis

107 1805 231 1890 stipitis
253 1805 371 1889 portio,
394 1806 604 1889 suspenditur
628 1807 799 1888 [caeditur]
819 1807 950 1870 dolatur
971 1806 1119 1870 runcina·

56 1911 89 1960 12
107 1898 175 1980 tur3
195 1897 228 1958 et
246 1895 323 1958 deus
343 1914 455 1958 aereus
472 1896 527 1958 uel
546 1900 717 1980 argenteus
736 1894 776 1959 de
793 1895 963 1959 immundo
977 1896 1119 1977 uasculo‚

109 1986 145 2047 ut
163 1984 344 2067 accepimus
361 1982 484 2047 factum
504 1984 669 2067 Aegyptio
687 1984 767 2067 regi,
785 1983 953 2067 conflatur,
972 1984 1121 2048 tunditur

109 2073 236 2137 malleis
268 2076 302 2136 et
332 2073 368 2135 iu
399 2072 570 2136 incudibus
602 2073 774 2157 figuratum
808 2076 841 2136 et
872 2073 1020 2155 lapideus
1051 2073 1153 2136 deum

109 2161 266 2239 caeditur,
297 2160 453 2242 scalpitur
480 2164 512 2224 et
540 2161 580 2225 ab
608 2162 771 2244 impurato
799 2161 931 2225 homine
958 2161 1120 2246 leuigatm

109 2271 168 2314 nec
192 2249 292 2313 sentit
315 2269 391 2312 suae
413 2249 598 2313 natiuitatis
622 2250 784 2333 iniuriam,
806 2250 854 2313 ita
871 2253 908 2313 ut
928 2270 989 2314 neo
1006 2254 1121 2333 postea

111 2337 149 2400 de
177 2340 286 2400 uestra
316 2337 524 2402 ueneratione
556 2339 727 2402 culturam.
771 2338 836 2401 uisi
863 2337 948 2402 forte
976 2339 1120 2403 nondum

110 2425 187 2487 deus
221 2445 333 2487 saxum
366 2428 416 2487 est
446 2427 499 2488 uel
531 2427 656 2510 lignum
688 2428 740 2490 uel
772 2431 951 2510 argentum.
993 2427 1120 2510 quaudo

60 2530 91 2577 13
110 2513 211 2597 igitur
233 2512 285 2576 hic
308 2512 473 2577 nascitur?
496 2535 568 2578 ecce
591 2515 737 2579 funditur
754 2516 933 2580 fabricatur
951 2515 1120 2598 sculpitur:
1133 2530 1154 2571 2³

110 2602 255 2666 nondum
279 2601 357 2667 deus
377 2605 439 2686 est3
462 2624 534 2668 eece
552 2604 739 2687 plumbatur
758 2604 956 2669 construitur
975 2605 1120 2689 erigitur:

111 2711 171 2754 uec
195 2692 299 2756 adhuc
324 2692 401 2757 deus
426 2695 488 2776 cst3
516 2714 588 2758 ecce
612 2696 746 2758 ornatur
769 2696 975 2757 consecratur
998 2698 1121 2757 oratur:

111 2782 188 2842 tunc
215 2784 382 2863 postremo
411 2782 488 2845 deus
517 2787 579 2865 est,
608 2804 681 2846 cum
708 2783 807 2846 homo
835 2781 929 2844 illum
957 2781 1065 2845 uoluit
1093 2785 1123 2844 et

63 2865 281 2934 24dedicauit.
323 2890 419 2952 quam
448 2874 541 2934 acute
568 2892 645 2934 uero
669 2870 707 2934 de
733 2870 795 2933 diis
824 2870 941 2933 uestris
969 2870 1123 2933 animalia

183 3028 198 3075 2
219 3023 388 3091 ganimeden
405 3032 434 3096 Ρ,
453 3043 521 3081 corr.
542 3027 665 3082 Kochius
678 3030 688 3096 ΙΙ
706 3034 721 3081 3
741 3029 774 3081 ut
791 3024 947 3095 ui{{tiis
966 3032 986 3078 Ρ
1003 3028 1013 3094 l
1034 3032 1052 3080 4
1071 3025 1123 3080 hiis

111 3102 132 3148 Ρ
145 3097 154 3164 l
169 3101 184 3148 6
200 3110 337 3147 summum
353 3098 374 3149 I
374 3142 379 3152 ,
392 3099 413 3149 Ι
413 3143 418 3152 .
432 3098 645 3152 Ooruelisseuus:
661 3115 784 3153 summae
796 3104 817 3150 Ρ
830 3103 839 3169 fl
853 3106 869 3153 9
884 3098 984 3151 dorum
998 3099 1045 3165 <=
1060 3097 1122 3152 deo·

112 3170 185 3236 rum)
205 3166 316 3234 semmai:
334 3168 433 3221 horum
451 3174 472 3220 Ρ
489 3167 635 3222 homiuum
653 3170 785 3223 Halmius
802 3173 812 3239 l
832 3176 865 3225 14
882 3173 920 3235 ξ
939 3169 1086 3224 erubescet
1103 3172 1122 3223 t.

115 3256 144 3292 se
159 3238 275 3292 materie
290 3243 326 3301 ξ
339 3242 365 3305 (e
380 3240 411 3291 iu
425 3242 491 3308 ras.)
505 3240 595 3310 Ρξξ15,
608 3246 640 3293 16
654 3239 776 3293 iulusam
785 3247 813 3311 Ρ,
828 3242 935 3295 coercui
945 3239 950 3312 l
961 3239 1103 3310 liugeusl’

116 3314 149 3362 17
167 3308 292 3362 caeditur
305 3310 364 3363 eiua
377 3311 449 3377 quod
462 3313 584 3379 sequitur
598 3309 712 3363 dolatur
724 3313 993 3380 interpretamentum
1006 3314 1104 3366 seclusi

117 3384 149 3432 18
169 3394 249 3432 erens
267 3381 310 3448 ΡΙΙ
326 3385 357 3433 19
378 3379 536 3448 accepimus
561 3381 711 3437 Vouclcius:
731 3382 841 3451 saepius
857 3384 900 3452 ΡΙΙ
914 3389 948 3436 20
967 3381 996 3435 iu
1016 3383 1125 3437 addidit

110 3450 260 3505 Meursius
278 3452 284 3521 l
305 3451 373 3506 deus
392 3452 502 3506 addidit
526 3451 663 3505 Vahteuus
680 3455 693 3522 ll
712 3458 747 3505 24
765 3455 859 3507 uzalim
878 3455 946 3507 dens
966 3456 1009 3507 est
1028 3471 1124 3507 saxum

99 3520 151 3576 ael
156 3523 173 3596 ff
179 3528 216 3578 28
232 3525 313 3582 uouit
325 3526 472 3583 Memmius
488 3522 579 3580 coluit
588 3523 743 3586 Duuisiusi
756 3523 873 3588 fortusse
881 3524 1038 3588 peruium
1048 3541 1131 3588 uuum

85 3599 177 3652 acute
199 3617 270 3658 uero
290 3603 411 3677 scripsi:
432 3600 546 3675 quanta
565 3613 636 3652 uero
653 3601 676 3646 P
697 3594 805 3662 <illm
822 3590 921 3640 ΨΜ
935 3588 1069 3638 Uimi·
