2378 3930
44 208 123 293 [ltu]
194 231 236 271 ux
257 229 383 271 remorer
403 226 678 271 arruonoemnuu
699 229 814 272 amam.
902 208 964 272 115

107 358 159 422 21.
183 362 260 422 Mina
289 368 317 420 in
346 361 528 439 ponderibus
557 367 675 422 eentum
698 360 829 437 dragmis
852 379 962 440 eppen-

45 465 123 524 ditur
147 469 176 522 et
198 469 244 521 est
266 479 374 522 nomen
399 462 555 522 Graecum.

107 577 159 640 22.
184 579 340 640 Talentum
369 597 516 639 summum
545 597 609 638 esse
640 579 757 656 pondus
788 578 962 655 perhibetur

45 686 75 742 in
98 683 234 747 Graecis;
266 698 334 739 nam
357 679 430 738 nihil
454 687 498 739 est
520 679 601 739 ealoo
625 680 730 747 minus,
754 679 828 739 nibil
850 679 962 741 talento

46 770 149 843 maius.
202 783 285 841 cuius
317 783 430 841 varium
460 790 530 857 aput
558 781 687 841 diversas
716 787 819 858 gentes
847 781 998 859 pondus⁵

46 883 181 943 babetur.
228 890 298 960 aput
320 882 473 941 Romanos
492 890 590 941 autern
612 881 755 942 talentum
779 888 823 940 est
846 890 964 959 septua-

46 986 125 1061 ginta
155 984 281 1043 duarum
308 981 467 1048 librarum,
498 983 573 1042 sieut
595 981 716 1043 Plautus
739 981 882 1050 ostendit,
914 984 964 1060 qui

46 1088 86 1145 ait
118 1085 176 1144 (luo
210 1083 319 1144 talenta
352 1101 416 1143 esse
447 1090 563 1142 eentum
593 1083 788 1161 quadraginta
816 1090 965 1162 quattuor

46 1186 145 1246 librae.
192 1183 250 1264 [est
278 1193 376 1244 autem
406 1182 528 1263 triplex,
565 1184 594 1243 iu
625 1191 668 1243 est
696 1185 807 1256 minor,
840 1184 963 1251 medius,

47 1305 188 1347 summus.
240 1287 336 1345 minor
373 1285 599 1364 quinquaginta,
634 1284 749 1344 medIus
780 1288 962 1363 septuaginta
983 1287 1015 1336 10

48 1389 172 1448 duarum
197 1387 357 1453 librarum,
382 1403 515 1445 summus
538 1393 657 1445 eentum
679 1388 779 1463 viginti
803 1384 942 1466 constat]

111 1503 162 1566 23.
187 1504 396 1566 Centenarium
408 1503 535 1562 numeri
557 1521 667 1563 nomen
690 1510 735 1563 est
750 1522 785 1562 eo
802 1503 880 1581 quod
896 1521 964 1563 cen·

48 1615 110 1667 tum
144 1605 289 1665 librarum
320 1604 461 1682 ponderis
492 1604 536 1662 sit.
587 1604 664 1682 quod
696 1603 812 1681 pontius
840 1613 965 1681 propter

48 1708 262 1785 perfectionem
293 1704 456 1783 centenarii
479 1705 597 1763 numeri
619 1705 808 1764 instituerunt
829 1704 963 1764 Romani.

50 1956 120 2019 126.
160 1956 212 2017 Em
235 1956 341 2016 eodem
365 1954 445 2015 libro
469 1962 564 2033 eaput
586 1954 625 2013 de
646 1956 799 2014 mensuris
817 1953 964 2038 (XXVI).
985 1952 1023 2008 15'
1089 1920 1094 1929 Ι

313 2106 398 2156 XXV.
434 2106 484 2154 DE
503 2105 698 2156 MENSURIS.

117 2241 143 2301 1.
167 2243 306 2301 Mensura
330 2248 375 2301 est
397 2259 445 2300 res
469 2239 674 2318 aliquomodo
698 2259 752 2301 suo
774 2240 818 2302 rel
834 2250 968 2321 tempore

50 2343 284 2420 circumscripta.
330 2342 404 2402 haee
431 2350 483 2401 aut
511 2343 646 2419 eorporis
675 2351 719 2402 est
741 2351 791 2403 aut
812 2344 965 2423 temporis.

51 2445 194 2522 corporis,
222 2450 254 2502 ut
277 2443 429 2503 homiuum
452 2441 600 2520 lignorum
624 2452 652 2503 et
675 2443 879 2505 columnarum
903 2444 966 2504 lon·

50 2546 151 2622 gitmlo
175 2552 204 2604 et
226 2543 364 2605 brevitas.
402 2543 454 2604 sed
478 2551 507 2604 et
529 2544 621 2604 solem
644 2545 732 2604 istum
755 2548 906 2623 propriam
923 2547 967 2605 sui
985 2545 1021 2595 20

120 2815 144 2866 1.
161 2811 247 2863 mllna
266 2812 291 2860 B
372 2815 397 2862 2.
416 2827 529 2878 grecum
547 2812 622 2862 ABC
686 2820 748 2875 post
766 2811 903 2862 Graecum
921 2813 970 2863 BG

50 2900 110 2948 add.
125 2898 196 2961 quod
209 2901 273 2945 sunt
284 2896 403 2960 siliquae
417 2896 560 2960 (siliquIC)
570 2893 681 2944 IDCCC
694 2897 835 2945 tremisses
846 2894 969 2946 CCXXV

51 2981 133 3032 solidi
150 2979 252 3029 LXXV
275 2985 395 3030 stateres
413 2980 489 3028 XXV
576 2982 600 3029 3.
620 2978 762 3042 peribetur
784 2981 813 3028 in
832 2981 924 3044 grecis
942 2981 967 3030 A

50 3069 76 3118 4.
96 3065 204 3114 ealeulo
224 3064 245 3113 0
312 3067 336 3113 5.
356 3063 487 3112 uariusA
541 3062 614 3126 apud
631 3061 701 3123 Boo,
719 3068 777 3112 item
794 3078 829 3112 aa.
849 3067 969 3127 proximo

38 3151 75 3210 ,6.
96 3146 200 3215 autem]
223 3149 295 3198 enirn
313 3147 374 3197 BCo
428 3143 482 3210 est]
504 3161 564 3195 esse
584 3147 618 3208 A,
637 3162 683 3222 ope.
702 3145 737 3195 B¹
790 3147 895 3198 LXXII
907 3147 969 3198 Boo

51 3235 77 3287 8.
97 3238 207 3283 eentum
227 3231 420 3296 quadragenta
439 3231 475 3286 A,
502 3229 614 3280 CXLIV
631 3229 685 3293 Bo,
705 3228 820 3280 CXLIII
839 3231 860 3280 0
944 3233 969 3281 9.

51 3319 141 3368 miuus
159 3316 277 3365 medium
297 3329 429 3364 summum
447 3312 518 3363 8²0²
536 3315 671 3379 eademque
689 3318 715 3363 in
730 3317 857 3378 proaez‘mte
927 3318 968 3365 10.

52 3404 262 3468 quinquagenta
282 3398 306 3447 A
376 3402 562 3462 septuagenta
585 3398 699 3447 duarum
717 3399 756 3457 A,
783 3398 888 3448 LXXII
907 3398 971 3447 Boo

53 3488 93 3536 11.
113 3489 223 3534 eentum
243 3483 349 3548 vigenti
367 3483 402 3542 A,
422 3481 496 3532 CXX
514 3481 576 3533 Boo
645 3484 685 3535 16.
704 3483 794 3532 XXVI
813 3484 845 3532 Cu
927 3483 970 3530 18.

52 3570 188 3633 inscripta
210 3565 239 3616 0¹
292 3566 365 3616 haee
383 3570 475 3616 autem
493 3567 518 3615 A

772 3647 819 3710 Q*
