2378 3930
120 223 163 288 62
465 222 644 279 POMPONH
661 223 787 278 MELAE

67 388 210 470 seipsos
234 408 316 471 quae
343 387 451 450 iaoent
474 389 568 450 vasto
596 385 671 450 sint.
716 386 767 450 ius
794 384 831 449 in
856 385 980 450 visibus
1003 385 1140 472 habent,

121 476 201 540 adeo
220 480 258 540 ut
271 496 314 540 na
329 475 497 540 latrocinii
516 473 646 558 quidem
658 473 788 558 pudeat,
806 476 935 538 tantum
949 473 1138 558 hospitibus·

118 565 207 648 boni,
225 564 386 648 mitesque
405 562 615 647 supplu'oibus.
656 562 745 627 victu
764 563 812 627 ita
830 563 938 646 asperi
955 563 1136 648 incultique

118 656 156 717 ut
179 652 278 717 cruda
301 653 400 716 etiam
424 671 520 716 earne
542 653 715 716 vescantur
738 654 795 715 aut
817 651 952 734 omenti,
980 655 1134 717 autenm

118 742 280 825 rigentem
302 743 339 805 in
355 741 437 824 ipsis
454 740 613 824 pecudum
630 739 835 824 duorumque
854 740 966 824 oorfis,
982 740 1160 806 manibuss

66 845 99 893 ae
117 829 317 914 pedibusque
345 828 523 913 subigendo
550 831 756 892 renovarunt
802 830 893 892 terra
918 829 991 912 ipsa
1019 829 1133 894 multis

118 916 264 1001 inpedita
284 917 482 999 fluminibus,
504 917 616 981 multis
635 914 803 981 montibus
821 928 940 1000 aspera
961 920 995 982 et
1013 934 1138 1003 magna-

297 1005 996 1178 dsassiduumque
1010 1004 1134 1160 Sua

118 1183 243 1267 aliquot
275 1183 353 1246 sunt
382 1114 464 1265 {uae
498 1200 621 1246 nomen
650 1144 787 1266 haiaent,
824 1184 880 1273 sed
912 1183 972 1248 illa
996 1115 1132 1248 {ilerum
1146 1200 1176 1245 ro·

118 1272 291 1354 sexaginta
313 1271 377 1335 iter
400 1289 574 1354 occupans,
600 1274 638 1335 ut
660 1271 765 1335 maior
788 1271 863 1336 aliis
888 1271 936 1335 ita
960 1273 993 1336 et
1013 1271 1132 1337 notior.

64 1375 99 1424 30
118 1360 278 1424 montium
314 1358 470 1424 altissimi
499 1358 630 1424 Taunus
668 1363 701 1423 et
732 1357 863 1444 ltetioo,
898 1360 961 1424 nisi
994 1379 1133 1444 quorum

117 1447 252 1512 nomina
273 1447 328 1512 vix
352 1451 403 1512 est
426 1448 534 1531 eloqui
558 1466 617 1511 ore
635 1465 779 1512 romano.
825 1448 970 1513 omniurn
990 1449 1029 1513 in
1048 1448 1131 1514 alias

118 1540 232 1620 gentes
256 1535 441 1600 exeuntium
464 1534 631 1600 Danuvius
655 1541 689 1600 et
710 1534 900 1621 Rhodanus,
923 1537 961 1602 in
980 1533 1131 1602 Rhenum

117 1624 244 1689 Moenis
272 1627 305 1690 et
331 1623 450 1708 Lupia,
482 1625 515 1688 in
543 1643 701 1688 oceanum
726 1623 880 1710 Amissis,
912 1625 1065 1710 Visurgis
1098 1629 1132 1690 et
1145 1644 1177 1692 re

63 1729 96 1778 31
116 1713 212 1777 Albis
240 1710 423 1778 durissimi,
468 1735 564 1796 super
587 1711 699 1776 Albim
723 1710 872 1778 Codanus
895 1713 1013 1799 iugens
1040 1714 1131 1779 sinus

117 1801 246 1886 magnis·
271 1802 445 1886 parvisque
471 1801 586 1866 insulis
614 1800 752 1866 refertus
780 1805 841 1866 est.
888 1802 950 1867 hae
976 1824 1012 1867 re
1041 1821 1132 1868 mare

117 1891 203 1973 quod
236 1891 361 1976 gremio
392 1890 527 1954 litorum
559 1889 718 1973 aeoipitur
748 1910 908 1974 nusquam
927 1891 1007 1957 'lete
1038 1894 1132 1977 patet

115 1999 175 2044 neo
201 1997 339 2063 usquam
366 1979 449 2043 mari
477 1978 596 2063 simile,
624 1996 737 2043 verum
764 1980 856 2063 aquis
884 1980 1007 2063 passim
1033 1980 1132 2044 inter·

116 2067 292 2133 fluentibus
311 2089 349 2132 ao
372 2087 467 2151 saepe
485 2068 701 2151 transgressis
719 2085 840 2152 vagum
864 2073 960 2154 atque
978 2068 1131 2134 diffusum
1145 2091 1179 2134 ao·

116 2155 197 2219 faeie
219 2157 364 2220 amnium·
381 2156 560 2241 spargitur,
584 2177 647 2240 qua
664 2156 763 2220 litora
782 2153 931 2242 adtingit,
953 2157 1037 2242 ripis
1055 2176 1131 2222 oon-

115 2248 241 2307 tentum
273 2244 453 2308 insularum
484 2263 551 2307 non
583 2244 681 2327 longe
714 2242 912 2311 distantibus
945 2249 978 2309 et
1010 2245 1135 2330 ubique

115 2352 218 2414 paene
240 2330 444 2414 tantundem,
470 2331 499 2394 it
521 2335 698 2416 angustum
721 2335 755 2397 et
776 2352 836 2416 par
857 2333 956 2418 freto,
979 2354 1130 2399 curvans·

63 2436 178 2502 saque
202 2440 236 2484 se
260 2419 397 2484 subinde
424 2419 523 2504 longo
552 2417 724 2504 supercilio
747 2418 900 2486 inflexum
929 2425 986 2486 est
1031 2422 1073 2486 in
1091 2442 1130 2487 eo

116 2513 191 2572 sunt
214 2507 338 2573 Cimbri
360 2512 394 2573 et
416 2506 564 2592 Teutoni,
587 2509 678 2574 ultra
698 2509 809 2574 ultimi
832 2509 1023 2575 Germaniae
1046 2510 1129 2575 Her·
1142 2531 1171 2574 aa

115 2616 248 2661 m10nes.

61 2665 96 2791 ἐξ
204 2683 366 2751 Sarmatia
383 2686 472 2750 intus
491 2704 589 2770 quam
608 2686 650 2751 ad
669 2706 758 2752 mare
779 2686 886 2771 latior,
910 2688 951 2753 ab
974 2687 1026 2753 his
1045 2708 1135 2772 quae·

186 2866 210 2914 1.
226 2857 320 2913 sinunt
333 2859 361 2912 A
377 2857 464 2914 sinto
518 2859 562 2913 lus
576 2861 603 2914 A
618 2860 692 2916 iuso
746 2867 770 2916 4.
786 2859 956 2934 <or>ud(a>
969 2862 996 2915 A
1012 2863 1129 2930 (litteras

113 2932 145 2985 ia
162 2946 217 2985 aas.
233 2931 296 2985 add
311 2929 363 2999 A)
434 2937 460 2986 8.
475 2936 500 2986 9.
515 2930 611 2985 suesia
625 2929 714 2984 metis
725 2931 767 2984 Α8
781 2933 813 2986 ia
830 2947 886 2987 rue.
959 2937 1002 2988 10.
1018 2931 1129 3001 aliquot

112 3001 154 3055 A¹
178 3016 246 3057 σου.
300 3000 424 3054 habeant
446 3001 488 3055 A¹
509 3001 617 3056 habent
633 3000 674 3055 Aa
747 3008 788 3058 11.
809 3003 924 3058 etanta
946 3003 1041 3058 notior
1063 3002 1128 3059 add.

112 3070 153 3125 A²
218 3077 259 3126 12.
279 3082 396 3139 quorum
414 3073 541 3128 A100rr.
611 3079 652 3126 14.
672 3072 800 3127 danubus
818 3074 845 3131 A
864 3072 1010 3128 Danuvius
1027 3075 1130 3144 stapsi

172 3148 212 3198 15.
232 3141 340 3196 moenis
359 3144 403 3195 est
421 3144 451 3196 et
467 3144 509 3197 A¹
526 3142 634 3198 moenis
653 3145 683 3197 et
699 3144 742 3199 A'
796 3143 857 3214 lupi
875 3146 916 3199 Αι
935 3144 1015 3215 lupia
1031 3144 1073 3200 Α8

113 3211 446 3339 ittbfflilll‘iti
460 3215 848 3342 distillatum
864 3214 1127 3342 ‘illlilslll‘iff

113 3301 235 3424 attingii
253 3348 299 3409 A’l
343 3324 413 3410 '21.
438 3356 480 3412 al.
506 3357 655 3411 contentus
676 3359 705 3411 A
777 3363 820 3413 23.
840 3363 882 3413 24.
907 3300 1063 3428 euransqgrie
1085 3359 1126 3412 A¹

112 3437 287 3552 {333¹qu
308 3424 350 3480 A·
423 3431 467 3482 ab.
494 3426 577 3481 imbri
598 3428 626 3482 A
650 3427 756 3482 Cimbii
777 3445 800 3484 a
870 3429 982 3507 teutoni
1005 3435 1034 3484 A.
1055 3429 1126 3484 Teu·
