2378 3930
9 188 12 192 ’
131 195 173 260 18
391 227 402 234 --
476 193 656 277 Polfforffl
674 194 799 251 unuin

129 378 285 443 magnum
308 359 466 443 impetum
489 358 581 425 brevi
605 357 698 424 alveo
717 358 821 423 traxit
842 358 962 424 iterum
981 357 1151 425 demersus

130 446 347 512 absconditur.
391 448 479 513 intra
508 446 652 530 spatium
680 450 730 512 est
757 446 863 531 magis
888 469 987 532 quam
1016 450 1152 532 utpro-

130 535 222 619 gredi
254 536 427 620 quisquam
459 535 546 600 ausit
576 535 734 619 horribile
766 539 800 601 et
830 535 904 600 ideo
936 535 1150 621 incognitum.

76 640 110 688 75
129 628 218 688 totus
242 627 351 689 autem
369 643 474 707 spem
493 627 652 706 augustus
673 628 707 689 et
724 646 800 690 vere
819 645 919 709 sacer,
941 623 1151 710 habitamque

129 735 149 776 a
173 711 236 777 diis
260 716 294 776 et
319 711 438 797 dignus
461 717 496 778 et
523 711 676 796 creditus,
702 713 786 779 nihil
813 733 880 779 non
903 712 1089 779 venerabile
1116 717 1151 779 et

76 817 110 866 76
131 801 224 886 quasi
248 822 320 865 oum
340 801 451 886 aliquo
473 800 606 865 numine
625 822 659 865 se
682 804 836 867 ostentat
881 800 965 866 alius
988 801 1077 867 ultra
1100 806 1150 867 est

122 912 225 977 ,quem
247 888 464 975 Typhoneum
487 892 615 974 vocant,
637 910 693 954 ore
716 892 855 975 angusto
880 894 913 956 et
936 890 1086 975 multum,
1114 895 1150 957 ut

128 978 253 1063 experti
283 977 462 1061 tradidere,
497 999 643 1061 pressus,
678 980 712 1044 et
743 979 785 1043 ob
817 978 851 1043 id
885 977 1020 1044 adsidua
1051 982 1149 1043 nocte

127 1067 268 1132 suffusus
291 1087 394 1150 neque
416 1087 558 1150 unquam
580 1066 721 1151 perspici
746 1066 868 1150 facilis,
897 1066 953 1132 sed
981 1067 1059 1150 quia
1089 1067 1148 1133 ali-

121 1155 256 1241 'quando
280 1155 385 1220 cubile
408 1153 576 1238 Typhonis
599 1154 664 1221 fuit
686 1159 720 1220 et
743 1155 819 1239 quia
841 1176 928 1221 nuno
950 1155 1092 1220 demissa
1113 1156 1149 1221 in
1164 1174 1185 1212 ¹·

127 1265 161 1308 se
185 1242 356 1308 confestim
381 1242 548 1308 exanimat
570 1248 689 1309 natura
710 1243 887 1327 fabulaque
910 1243 1150 1310 memorandus.

73 1349 107 1398 77
128 1331 190 1396 duo
211 1331 326 1396 deinde
344 1332 574 1416 promunturia
593 1336 669 1397 sunt
688 1329 864 1417 Sarpedon,
881 1331 956 1397 finis
976 1332 1149 1418 aliquando

127 1423 221 1506 regni
245 1417 459 1504 Sarpedonis,
488 1423 521 1485 et
548 1421 635 1504 quod
658 1419 807 1486 Ciliciam
835 1443 855 1485 a
877 1420 1075 1505 Pamphylia
1101 1420 1150 1486 di·

129 1509 268 1595 stinguit
285 1508 508 1590 Anemurium,
526 1509 676 1593 interque
696 1531 733 1575 ea
747 1506 933 1575 Celenderis
952 1513 986 1574 et
998 1507 1149 1595 Nagidos

131 1597 314 1663 Samiorum
334 1597 501 1681 coloniae,
526 1598 582 1663 scd
601 1595 787 1663 Celenderis
806 1596 987 1682 Sarpedoni
1004 1598 1148 1683 propior.
1164 1616 1189 1654 1⁴

75 1670 116 1730 14
215 1686 255 1751 In
276 1685 475 1771 Pamphylia
494 1690 545 1751 cst
563 1685 668 1751 Melas
691 1685 887 1770 navigabilis
905 1685 1033 1771 fluvius,
1055 1688 1145 1772 oppi-

73 1743 107 1794 78
127 1775 203 1839 dum
226 1773 304 1839 Sida
330 1778 364 1840 et
392 1775 477 1839 alter
504 1775 620 1840 fluvius
645 1773 869 1860 Eurymedon.
914 1794 1035 1859 magna
1062 1775 1148 1859 apud

126 1885 199 1928 eum
223 1861 369 1932 Cimonis
391 1861 642 1928 Atheniensium
666 1863 756 1929 ducis
790 1862 944 1928 adversus
967 1861 1147 1929 Phoenicas

125 1957 158 2017 et
184 1952 300 2017 Persas
331 1951 460 2016 navalis
490 1972 602 2037 pugna
634 1955 732 2037 atque
764 1952 902 2017 victoria
931 1950 1004 2016 fuit
1053 1973 1145 2017 mare

125 2063 188 2126 quo
211 2044 393 2126 pugnatum
417 2042 525 2105 estex
548 2041 634 2106 edito
653 2040 827 2106 admodum
847 2040 931 2105 colle
954 2044 1143 2125 prospectat
1159 2057 1186 2098 20

123 2130 305 2214 Aspendos,
324 2152 421 2215 quam
435 2127 553 2214 Argivi
571 2129 789 2212 condiderant,
807 2128 982 2213 possedere
1001 2129 1144 2194 finitimi.

71 2237 105 2286 79
125 2217 240 2282 deinde
259 2216 317 2282 alii
340 2217 404 2282 duo
423 2217 616 2283 validissimi
635 2215 767 2283 Cestros
791 2220 825 2281 et
843 2214 1045 2282 Cataractes:
1069 2215 1145 2283 Ces·

125 2310 194 2370 tros
217 2305 368 2390 navigari
386 2305 504 2389 facilis,
525 2305 579 2370 hic
597 2306 674 2391 quia
696 2327 730 2371 se
749 2305 944 2389 praecipitat
962 2305 1011 2371 ita
1029 2306 1145 2371 dietus.

124 2395 210 2458 inter
225 2414 280 2459 eos
295 2393 401 2479 Perga
419 2397 470 2460 est
484 2393 648 2479 oppidum,
666 2397 699 2459 et
712 2391 839 2458 Dianae
854 2416 951 2478 quam
966 2394 1007 2459 ab
1022 2394 1144 2479 oppido

125 2483 304 2567 Pergaeam
322 2486 441 2547 vocant
458 2481 628 2566 templum.
663 2486 755 2547 trans
775 2480 904 2547 eosdem
923 2504 1017 2547 mons
1032 2479 1144 2548 Sarda
1158 2501 1187 2542 25

124 2571 226 2636 misos
250 2573 284 2635 et
306 2569 455 2635 Phaselis
479 2593 499 2634 a
521 2569 637 2654 Mopso
650 2572 652 2576 ’
666 2570 796 2635 condita
821 2569 896 2635 finis
919 2569 1143 2656 Pamphyliae.

74 2641 115 2702 15
214 2658 315 2743 Lycia
343 2658 513 2742 continuo,
541 2659 771 2744 cognominata
794 2681 814 2724 a
840 2658 928 2744 Lyco
954 2679 1032 2744 rege
1058 2658 1143 2726 Pan.-

70 2717 106 2766 ⁸⁰
125 2747 228 2812 dionis
248 2747 326 2831 filio,
349 2750 456 2832 atque,
477 2750 515 2811 ut
532 2746 651 2832 ferunt,
673 2747 830 2812 infestata
854 2747 932 2813 olim
951 2745 1143 2814 Chimaerae

195 2962 219 3014 2.
234 2971 318 3025 quam
332 2956 423 3009 autA
477 2962 502 3010 4.
518 2972 620 3025 specus
628 2960 694 3026 post
711 2957 805 3010 autem
820 2956 883 3011 add.
899 2955 1012 3012 Cortice
1030 2957 1142 3014 Wacke-

121 3029 199 3083 math
270 3031 295 3082 8.
314 3024 433 3080 adsidua
446 3026 487 3081 A¹
506 3025 621 3081 assidua
633 3026 675 3082 A'
709 3042 717 3057 ·
747 3033 790 3082 10.
809 3024 925 3080 dimissa
938 3027 966 3082 A
985 3027 1142 3084 demissae

196 3104 237 3153 12.
255 3095 450 3168 promuntoria
471 3097 514 3150 A¹
537 3113 606 3152 corr.
681 3103 722 3153 14.
743 3095 897 3151 ccianderis
919 3097 961 3151 A¹
984 3097 1142 3153 ccianderis

121 3170 164 3225 A²
184 3166 345 3223 Celenderis
364 3167 515 3222 Perdiccae
568 3166 681 3223 natidos
699 3169 727 3222 A
745 3166 872 3238 Nagidos
891 3168 1041 3224 Piatioaas
1097 3176 1140 3225 15.

122 3237 279 3295 ccianderis
297 3238 325 3293 A
379 3237 510 3308 proprior
527 3239 569 3293 A¹
586 3237 703 3308 propior
721 3238 763 3293 A²
836 3245 877 3293 16.
896 3238 1081 3309 phamphylia
1099 3241 1141 3294 A¹

120 3309 287 3382 pamphylia
304 3309 346 3364 A'
418 3315 461 3364 19.
479 3309 570 3378 adque
593 3308 635 3364 A¹
657 3310 742 3378 atque
765 3308 808 3364 A*
880 3315 923 3364 22.
943 3311 1088 3365 carhactes
1111 3312 1140 3365 A

123 3398 284 3454 Cataractes
306 3396 452 3453 Borboros
523 3403 566 3453 25.
586 3396 760 3468 sardemysor
784 3399 813 3453 A
885 3404 927 3455 27.
946 3379 1022 3454 lhcia
1039 3399 1081 3454 A¹
1098 3400 1141 3455 cel

121 3471 163 3525 A²
176 3487 245 3528 corr.
317 3473 361 3525 28.
380 3467 520 3531 chimerae
538 3469 567 3523 A
