2378 3930
143 148 146 155 ¹
170 165 215 231 50
275 188 296 231 u
317 186 476 232 sunnonis
495 184 602 229 omnis
622 184 665 227 ou
686 182 806 228 amaus
825 182 953 229 usumin.
1009 162 1090 247 [108]

119 336 157 377 1u
235 320 319 383 Aeris
345 319 466 382 minima
487 336 557 399 pars
577 316 705 391 sextula,
734 316 814 397 qnod
834 322 917 379 sexta
938 334 1009 397 pars
1030 334 1087 379 un·

172 422 243 483 cias.
288 421 439 483 semuncia
462 419 542 498 qnod
563 419 683 481 dimidia
704 436 775 500 pars
796 419 911 481 unciae.
956 436 989 481 se
1009 416 1089 481 vaiet

172 522 324 583 dimidium
351 529 383 582 ut
409 522 439 582 in
468 520 577 583 selibra
604 530 634 583 et
660 519 802 582 semodio.
846 520 933 581 uncia
962 518 1000 582 ab
1026 537 1088 582 nno

171 624 257 685 dicta.
302 632 422 685 sextans
443 621 480 683 ab
503 640 539 683 eo
562 622 640 701 quod
663 632 745 684 sexta
767 638 837 699 pars
859 622 942 694 assis,
966 629 999 681 ut
1015 639 1089 702 qna·

137 725 261 786 &draus
284 724 362 805 qnod
385 731 498 805 quarta,
523 731 552 784 et
572 725 665 785 triens
680 723 758 802 quod
773 724 859 784 tertia
875 740 953 801 pars.
998 725 1089 784 semis

172 826 251 905 quod
278 827 398 897 semiss,
427 825 457 885 id
485 831 530 886 est
553 821 614 908 [ut]
641 824 792 887 dimidium
819 826 907 896 assis,
936 832 969 884 ut
998 843 1089 903 supra

171 928 281 989 dictum
315 935 367 988 est.
420 934 546 1007 septunx
576 946 593 987 a
620 935 733 1005 septem
763 934 791 987 ct
818 927 905 986 uncia
931 923 1088 988 conlisum.

120 1049 158 1087 rra
171 1028 286 1108 reliqua
309 1027 490 1099 obscuriora,
515 1028 595 1108 quod
616 1027 653 1089 ab
676 1028 891 1097 deminutione,
915 1035 945 1089 et
961 1046 995 1089 ea
1012 1045 1088 1106 qnae

172 1129 381 1191 deminuuntur
404 1131 443 1189 ita
465 1137 548 1198 sunt,
577 1136 609 1190 ut
632 1137 778 1191 extremas
800 1127 926 1209 syllabas
948 1128 1088 1190 habeant.

122 1238 154 1286 10
171 1240 203 1292 ut
229 1230 328 1290 deunx
357 1231 475 1308 dempta
504 1232 605 1299 uncia,
640 1229 763 1292 dextans
791 1230 911 1309 dempto
941 1238 1087 1301 sextante,

172 1332 300 1393 dodrans
321 1331 441 1410 dempto
464 1331 636 1410 quadrante,
659 1331 722 1403 bes,
746 1340 778 1393 ut
792 1332 863 1392 olim
879 1332 940 1401 des,
965 1331 1090 1411 dempto

172 1434 288 1494 triente.

121 1535 158 1575 1²³
236 1534 270 1595 ln
293 1543 416 1613 argento
437 1536 565 1595 nummi:
588 1535 617 1594 id
640 1533 677 1595 ab
701 1534 815 1596 Siculis.
861 1536 983 1605 denarii,
1009 1536 1088 1615 qnod

172 1636 264 1696 denos
286 1636 364 1697 aeris
387 1635 530 1705 valebant,
554 1637 689 1716 quinarii,
719 1636 797 1714 quod
821 1638 934 1716 quinos.
980 1644 1088 1698 sester-

122 1742 153 1790 to
172 1738 243 1806 tius,
273 1736 352 1817 quod
379 1739 468 1799 semis
498 1739 615 1810 tertius,
647 1737 813 1815 dupondius
842 1741 919 1799 enirn
950 1745 979 1800 et
1001 1740 1090 1800 semis

172 1842 311 1918 antiquus
338 1840 491 1900 sestertius
519 1846 577 1909 est,
613 1847 642 1899 et
670 1841 777 1901 veteris
805 1840 1028 1901 consuetudinis
1057 1847 1090 1901 ut

171 1949 252 2002 retro
275 1958 344 2002 aere
367 1940 509 2012 dicerent,
531 1942 571 2001 ita
594 1949 626 2001 ut
649 1942 737 2002 semis
759 1944 880 2013 tertius,
904 1949 1026 2021 quartus
1042 1961 1088 2003 se·

172 2045 226 2103 nris
246 2044 482 2122 pronuntiarent.
518 2042 553 2104 ab
575 2045 662 2104 semis
684 2046 788 2104 tertius
809 2045 963 2105 sestertius
983 2044 1088 2105 dictus

121 2156 159 2194 ¹74
173 2144 286 2204 nummi
308 2145 422 2206 denarii
445 2143 568 2205 decuma
591 2143 699 2215 libella,
724 2145 802 2223 quod
820 2144 926 2206 libram
942 2145 1042 2224 pondo
1058 2163 1089 2206 as

122 2244 154 2292 20
174 2244 302 2315 uniebat,
332 2256 361 2306 et
386 2254 450 2306 erat
472 2264 508 2306 ex
532 2254 654 2324 argento
677 2265 776 2325 parva.
821 2245 977 2318 sembella,
1010 2246 1088 2326 quod

242 2449 264 2494 l.
284 2446 384 2496 unciae
404 2452 454 2498 est.
474 2448 617 2498 semuncia
633 2449 682 2498 Prt
779 2451 977 2501 acommoda
995 2450 1021 2498 N

173 2527 215 2594 se}
245 2532 286 2580 sie
303 2532 354 2580 FN
369 2535 416 2584 rel.
520 2548 549 2581 se
573 2532 650 2583 valet
671 2549 748 2600 usque
772 2537 808 2585 od
829 2535 951 2585 semodio
974 2550 1021 2584 om.
1041 2535 1091 2584 Pri

174 2614 197 2662 4.
219 2616 303 2681 esaie,
322 2613 362 2680 ut]
381 2618 452 2667 assis
471 2621 514 2666 est
531 2617 580 2666 Pri
664 2619 688 2670 6.
708 2617 819 2684 semies]
840 2621 923 2670 semis
941 2621 991 2668 Pri
1058 2623 1090 2669 ut

172 2702 265 2749 seclusi
282 2702 395 2767 idemque
414 2717 461 2752 om.
480 2701 530 2750 Pn·
597 2704 620 2751 7.
641 2701 765 2752 collisum
784 2704 841 2767 Pri,
866 2705 1024 2754 conclusum
1040 2704 1092 2753 FN

172 2790 197 2831 et
214 2787 261 2832 ret.
281 2785 343 2835 libri
363 2786 492 2836 Varronis
560 2787 586 2837 8.
606 2786 786 2838 diminutione
806 2789 855 2837 Pri
928 2791 969 2838 10.
988 2784 1088 2853 deunx]

173 2865 206 2915 de
225 2882 280 2916 una
298 2870 355 2931 FN,
374 2884 429 2919 una
447 2871 510 2931 Pm‘,
529 2872 671 2922 emendavit
687 2870 741 2937 Spe
759 2874 797 2937 (p.
818 2872 863 2938 14)
882 2875 996 2939 idemque
1015 2874 1090 2923 eiecit

172 2950 262 3000 deunx
285 2956 353 3018 quod
374 2954 434 3004 libri
454 2952 583 3005 Varronis¹
600 2964 625 3006 et
642 2957 793 3007 Priscianus
812 2966 874 3023 post
896 2957 980 3007 uncia
997 2956 1092 3007 tabent

172 3036 212 3083 14.
234 3038 382 3088 sestertius
395 3039 429 3097 N,
447 3041 563 3105 idemque
575 3056 614 3091 os.
628 3044 660 3090 m
729 3045 768 3094 15.
787 3043 859 3107 quod
877 3042 960 3092 semis
979 3037 1090 3107 tertius]

172 3119 277 3169 dnobus
295 3123 378 3172 semis
402 3124 464 3185 Pm',
489 3125 560 3188 quod
583 3125 687 3176 duobus
711 3127 794 3176 semis
817 3127 927 3177 additur
949 3126 1091 3177 Muellerum

171 3206 269 3253 esoni.
341 3209 382 3258 17.
403 3222 470 3257 aera
488 3208 538 3257 Pa·
606 3212 648 3260 ita
666 3215 696 3260 ut
712 3208 979 3277 -pronuntiarent]
1000 3216 1031 3260 nt
1049 3224 1091 3260 se·

172 3288 223 3337 mis
243 3288 367 3352 quintus,
387 3291 470 3341 semis
490 3298 618 3357 quartus,
645 3295 727 3345 semis
746 3297 845 3346 tertius
863 3297 1025 3346 nuntiarent
1042 3295 1092 3344 Pri

172 3371 213 3421 18.
232 3373 376 3423 sestertius
389 3389 435 3424 om.
449 3375 476 3423 N
545 3380 585 3428 19.
599 3377 725 3444 decuma]
746 3396 763 3430 a
781 3381 887 3430 decima
900 3383 950 3431 Pri
1019 3378 1091 3444 quod

171 3455 270 3511 libram
294 3462 343 3506 cet.
362 3472 409 3509 om.
429 3459 478 3507 Pri
553 3459 593 3526 aa]
618 3463 692 3513 aeris
714 3462 851 3529 Scioppius
868 3473 893 3515 et
911 3466 973 3517 Mue
1047 3466 1090 3516 20.

159 3540 294 3593 simbolica
311 3542 342 3594 N
