2378 3930
159 183 224 231 xlv
527 185 717 228 rubertum.

158 338 221 378 rum
237 328 397 378 memorato
412 320 515 377 libeliis
530 320 612 393 idque
626 318 787 393 perducitur
802 317 836 374 ad
851 306 889 375 is.
906 316 946 375 55
962 333 1079 375 semen-

160 412 208 462 cia
223 409 324 461 maior.
358 406 426 461 Tum
440 404 591 462 intercalati
604 411 668 460 suut
682 402 738 459 ddo
755 419 849 459 versus

242 491 323 546 Haec
339 490 375 544 de
387 488 575 561 ponderibus.
606 493 633 544 si
648 499 748 545 cetera
763 491 848 560 sipnn
864 490 992 559 requiris

243 576 290 630 Eu
305 578 377 647 ipsis
391 582 521 630 ueterum
533 578 647 646 poteris
664 587 839 646 capnoscere
855 576 955 628 certis.

160 659 319 733 Sequuntur
333 658 460 716 carminis
475 660 508 716 de
523 656 693 732 ponderibus
709 672 800 713 versus
819 655 881 712 124
895 655 980 712 Nunc
994 658 1080 715 uliud

162 760 249 817 usque
268 744 377 802 111163
398 749 461 799 sine
482 749 581 817 equis,
608 741 655 798 ubi
677 757 772 798 omnes
792 740 855 796 libri
877 756 958 797 mauu
981 743 1077 818 scripti

158 837 269 902 praeter
282 828 458 899 bobiensem,
481 836 513 884 nt
536 844 619 901 supra
640 826 815 896 dictumest,
838 823 975 881 desinunt.
1006 827 1078 884 Haec

160 913 299 986 excipiunt
321 912 464 969 duodecim
485 930 580 969 versus
603 913 636 967 de
656 910 775 984 planetis
798 909 878 965 iidem
896 927 967 983 quos
985 913 1079 986 duge-
1119 942 1123 951 ·

157 996 248 1052 ionius
269 997 353 1051 edidit
374 1015 402 1070 p.
417 996 478 1054 232
497 995 635 1070 (repetivit
653 993 771 1050 Orellius
788 1011 815 1066 p.
834 993 921 1066 242):
945 994 1077 1068 Sipnifer

158 1110 195 1122 —
218 1082 337 1151 coniicit
357 1081 463 1136 orbem.
508 1082 558 1138 Hic
581 1080 682 1136 desinit
708 1078 845 1151 scriptura
870 1081 898 1134 in
923 1079 1017 1137 codice
1044 1099 1075 1137 ac

156 1165 321 1239 relinquitur
335 1183 446 1222 vacuum
466 1166 595 1239 spatium,
611 1164 682 1220 uude
700 1171 813 1236 apparet
828 1163 968 1219 librarium
982 1165 1076 1238 ipsum
1170 1178 1173 1183 '

155 1248 224 1304 nibil
238 1249 367 1305 babuisse
385 1250 458 1323 quod
473 1250 593 1306 adderet.
621 1249 675 1304 lam
693 1263 882 1304 recenseamus
899 1247 946 1303 iol.
965 1249 1014 1304 17.
1045 1248 1074 1305 iu

155 1333 208 1389 boc
229 1350 260 1389 ea
281 1351 344 1407 pars
364 1336 494 1391 carminis
513 1335 546 1390 de
561 1332 727 1407 ponderibus
742 1332 895 1406 perscripta
915 1341 957 1389 est
974 1334 1077 1406 quade

154 1419 290 1474 mensuris
310 1426 338 1474 et
358 1419 439 1476 variis
462 1419 601 1493 quuorum
622 1417 790 1490 ponderibus
811 1421 911 1490 agitur.
949 1415 1000 1472 Sed
1021 1435 1074 1491 pro

155 1503 268 1575 genuini
283 1503 411 1559 carminis
426 1521 507 1560 versu
523 1504 562 1561 56
578 1505 658 1558 Huec
674 1503 709 1557 dc
722 1501 918 1573 ponderibus:
941 1511 1073 1574 superest

18 1604 31 1635 ι
151 1604 226 1658 pars
243 1589 337 1643 attera
355 1589 447 1658 nobis,
464 1589 509 1645 hic
525 1588 692 1644 substitutus
708 1594 750 1642 est

243 1671 327 1727 Nunc
343 1681 371 1728 et
386 1690 537 1729 mensurus
553 1675 686 1729 dicemus
702 1673 835 1726 curnainc
849 1687 939 1740 ncro;

155 1764 311 1830 sequuntur
325 1775 421 1814 versus
436 1759 548 1832 genuini
564 1757 691 1815 carminis
705 1755 861 1825 57—1213
879 1764 935 1812 tum
951 1774 1001 1831 pro
1015 1774 1076 1813 ver·

56 1866 58 1871 ·
156 1841 232 1897 sibus
250 1840 310 1896 122
326 1849 355 1897 et
371 1842 431 1899 123
446 1844 512 1900 haec
528 1843 657 1915 leguntur

239 1926 323 1981 Hocc
339 1927 375 1982 de
389 1932 533 1983 mensuris
548 1927 600 1984 tibi
614 1931 672 1981 sint
688 1940 763 1997 qnae
777 1930 861 1999 siena
876 1930 1022 1998 requiris;

153 2020 294 2083 postremo
319 2020 411 2067 autem
434 2012 516 2068 additi
539 2019 602 2067 suut
622 2010 778 2085 vigintiiiii
800 2027 895 2066 versus
916 2011 949 2065 de
968 2009 1073 2082 ponde·

153 2095 230 2151 ribus
256 2096 303 2169 qni
325 2098 353 2151 in
368 2104 464 2153 nostra
479 2096 598 2152 editione
612 2097 703 2152 iocum
719 2095 818 2151 habent
834 2095 981 2166 fragmenti
999 2093 1070 2149 121.

123 2178 129 2192 ”
153 2178 244 2248 Quos,
275 2187 305 2234 ut
331 2181 400 2251 dixi,
431 2183 491 2253 ipse
519 2181 649 2253 descripsi
677 2196 692 2234 e
716 2179 774 2235 cod.
797 2179 881 2234 Paris.
909 2177 989 2236 7461
1013 2177 1070 2252 (A),

153 2270 180 2316 et
204 2264 330 2319 adnotavi
353 2266 450 2319 variam
474 2265 637 2337 scripturam
657 2263 757 2319 codicis
780 2263 900 2319 Thuauei
923 2279 937 2318 a
961 2263 1071 2336 Meyero

152 2347 227 2401 citati
248 2346 341 2419 (Tbu).
385 2346 492 2402 Etenim
511 2349 592 2403 iidem
613 2364 708 2402 versus
730 2349 757 2402 in
779 2351 831 2403 tria
852 2347 1007 2419 fragmenta
1029 2348 1069 2405 ‹ti-

152 2432 247 2485 stracti
263 2431 393 2502 leguntur
408 2432 609 2504 inbutirologia
624 2432 818 2487 burmanniana
833 2431 915 2506 (apud
930 2432 1070 2505 bieyerum

153 2531 234 2570 carm.
260 2514 446 2588 1066-68).
492 2517 552 2590 lpse
577 2524 667 2572 autem
687 2515 856 2573 Burmannus
886 2516 987 2590 quibus
1006 2517 1072 2573 sub·

151 2599 227 2654 sidiis
250 2618 316 2656 usus
338 2602 390 2672 sit,
412 2600 478 2657 baec
499 2602 557 2656 eius
580 2601 658 2657 verba
679 2601 816 2658 declarant
834 2597 955 2676 (Antinoi.
976 2599 1067 2658 burm.

150 2682 202 2738 vol.
218 2683 239 2738 11
254 2703 281 2758 p.
297 2682 384 2761 dodi:
408 2685 479 2752 ‘irio
499 2687 573 2742 buce
599 2691 808 2759 epigrammata
826 2717 858 2727 —
881 2703 919 2740 en
934 2692 1070 2743 vetustis-

150 2773 221 2821 simo
245 2771 346 2825 codice
362 2771 391 2824 S.
407 2772 557 2840 Germani,
581 2777 612 2827 in
633 2788 688 2844 quo
710 2771 874 2843 subscripto
896 2771 1069 2845 tepebuntur

150 2851 289 2909 dbemnio
305 2855 418 2911 Fannio
434 2857 470 2912 de
482 2857 671 2927 ponderibus,
691 2861 723 2911 in
742 2873 810 2912 snos
825 2856 949 2912 selredus
967 2863 1064 2914 conie-

151 2949 234 2995 cerat
249 2937 283 2993 N.
299 2939 451 3011 Heinsius,
468 2941 601 3013 equibus
617 2957 651 2996 co
666 2941 711 2996 bis
726 2945 854 3011 inserui,
870 2958 907 2997 nc
919 2947 1068 3013 perirent.

150 3022 251 3078 codem
269 3024 429 3094 aliquando
451 3025 597 3097 descripsi
610 3017 718 3081 leidae
738 3043 776 3081 ec
792 3028 894 3082 codice
915 3027 1070 3099 Vescinum

149 3112 180 3162 in
202 3123 258 3179 qno
278 3125 337 3163 uno
351 3116 451 3165 tenore
467 3116 526 3167 trio
547 3112 621 3166 doec
645 3115 804 3168 coniuncta
826 3113 1009 3186 tepebuntur.
1029 3142 1065 3153 -

148 3207 234 3246 versu
251 3198 348 3264 primo
370 3194 451 3249 edidi
463 3194 543 3251 Libra
558 3195 599 3251 vel
615 3212 644 3252 as
662 3213 718 3267 pro
738 3200 844 3252 vitioso
864 3199 977 3254 codicis
992 3200 1068 3253 scri·

145 3284 236 3348 ptura
258 3277 374 3333 Libratis
397 3296 426 3334 as
450 3287 477 3333 et
498 3278 560 3334 nd
583 3289 698 3336 retracta
718 3297 776 3353 pro
800 3284 937 3340 tetractc’.
961 3282 1007 3339 'Ex
1022 3283 1065 3338 bis

146 3361 294 3417 Burmanni
308 3362 395 3418 verbis
411 3381 476 3420 saue
490 3365 618 3436 cognosci
634 3382 687 3420 nou
702 3374 804 3439 potest,
824 3376 915 3422 utrum
934 3368 1066 3424 codicem
1095 3420 1099 3427 ,
1150 3366 1157 3373 “

148 3445 191 3502 his
213 3445 319 3504 duobus
337 3447 407 3504 locis
424 3449 456 3504 ad
475 3465 544 3521 quos
561 3451 646 3506 varias
662 3453 812 3525 scripturas
830 3450 909 3507 aiiert
924 3452 1066 3509 intellexe-

147 3530 194 3586 rit.
231 3529 310 3600 Quod
329 3540 391 3590 utut
406 3540 463 3605 est,
479 3531 593 3605 reliquis
607 3535 675 3592 iocis
694 3535 837 3592 Burmanni
853 3538 991 3610 scriptura
1006 3552 1066 3594 eam
