<?xml version="1.0" encoding="UTF-8"?>
<!DOCTYPE html PUBLIC "-//W3C//DTD XHTML 1.0 Transitional//EN"
    "http://www.w3.org/TR/xhtml1/DTD/xhtml1-transitional.dtd">
<html xmlns="http://www.w3.org/1999/xhtml" xml:lang="en" lang="en">
 <head>
  <title>
</title>
<meta http-equiv="Content-Type" content="text/html;charset=utf-8" />
  <meta name='ocr-system' content='tesseract 3.04.00' />
  <meta name='ocr-capabilities' content='ocr_page ocr_carea ocr_par ocr_line ocrx_word'/>
</head>
<body>
  <div class='ocr_page' id='page_1' title='image "./pomponiimelaede02melagoog_0175.png"; bbox 0 0 2378 3930; ppageno 0'>
   <div class='ocr_carea' id='block_1_1' title="bbox 153 150 758 217">
    <p class='ocr_par' dir='ltr' id='par_1_1' title="bbox 153 150 758 217">
     <span class='ocr_line' id='line_1_1' title="bbox 153 150 758 217; baseline -0.01 -2"><span class='ocrx_word' id='word_1_1' title='bbox 153 150 194 217; x_wconf 90' lang='lat'><strong>18</strong></span> <span class='ocrx_word' id='word_1_2' title='bbox 462 166 704 211; x_wconf 72' lang='lat' dir='ltr'><strong>raocseounus</strong></span> <span class='ocrx_word' id='word_1_3' title='bbox 723 166 758 210; x_wconf 81' lang='lat' dir='ltr'><strong>m</strong></span> 
     </span>
    </p>
   </div>
   <div class='ocr_carea' id='block_1_2' title="bbox 54 302 1136 3342">
    <p class='ocr_par' dir='ltr' id='par_1_2' title="bbox 87 302 1112 469">
     <span class='ocr_line' id='line_1_2' title="bbox 153 302 1073 380; baseline -0.005 -14"><span class='ocrx_word' id='word_1_4' title='bbox 153 308 225 367; x_wconf 88' lang='lat' dir='ltr'><strong>unde</strong></span> <span class='ocrx_word' id='word_1_5' title='bbox 248 305 279 363; x_wconf 82' lang='lat' dir='ltr'><strong>tn</strong></span> <span class='ocrx_word' id='word_1_6' title='bbox 301 304 446 362; x_wconf 90' lang='lat' dir='ltr'><strong>cuiuslibet</strong></span> <span class='ocrx_word' id='word_1_7' title='bbox 467 306 507 361; x_wconf 90' lang='lat' dir='ltr'><strong>rei</strong></span> <span class='ocrx_word' id='word_1_8' title='bbox 528 306 557 361; x_wconf 87' lang='lat' dir='ltr'><strong>iu</strong></span> <span class='ocrx_word' id='word_1_9' title='bbox 578 302 760 380; x_wconf 87' lang='lat' dir='ltr'><strong>computando</strong></span> <span class='ocrx_word' id='word_1_10' title='bbox 780 304 894 377; x_wconf 87' lang='lat' dir='ltr'><strong>divisio,</strong></span> <span class='ocrx_word' id='word_1_11' title='bbox 918 304 1073 363; x_wconf 82' lang='lat' dir='ltr'><strong>solidum</strong></span> 
     </span>
     <span class='ocr_line' id='line_1_3' title="bbox 87 388 1112 469; baseline -0.003 -21"><span class='ocrx_word' id='word_1_12' title='bbox 87 464 90 469; x_wconf 24' lang='grc' dir='ltr'>Ι</span> <span class='ocrx_word' id='word_1_13' title='bbox 153 391 332 467; x_wconf 80' lang='lat' dir='ltr'><strong>appellemus,</strong></span> <span class='ocrx_word' id='word_1_14' title='bbox 348 388 424 445; x_wconf 90' lang='lat' dir='ltr'><strong>illum</strong></span> <span class='ocrx_word' id='word_1_15' title='bbox 440 395 531 446; x_wconf 90' lang='lat' dir='ltr'><strong>autem</strong></span> <span class='ocrx_word' id='word_1_16' title='bbox 546 405 686 445; x_wconf 88' lang='lat' dir='ltr'><strong>nummum</strong></span> <span class='ocrx_word' id='word_1_17' title='bbox 700 404 826 462; x_wconf 90' lang='lat' dir='ltr'><strong>aeneum,</strong></span> <span class='ocrx_word' id='word_1_18' title='bbox 842 390 889 464; x_wconf 89' lang='lat' dir='ltr'><strong>qui</strong></span> <span class='ocrx_word' id='word_1_19' title='bbox 901 388 955 447; x_wconf 87' lang='lat' dir='ltr'><strong>luit</strong></span> <span class='ocrx_word' id='word_1_20' title='bbox 966 388 1072 446; x_wconf 90' lang='lat' dir='ltr'><strong>denarli</strong></span> <span class='ocrx_word' id='word_1_21' title='bbox 1108 402 1112 409; x_wconf 90' lang='lat'>·</span> 
     </span>
    </p>

    <p class='ocr_par' dir='ltr' id='par_1_3' title="bbox 151 472 1136 3169">
     <span class='ocr_line' id='line_1_4' title="bbox 153 472 1073 552; baseline -0.003 -18"><span class='ocrx_word' id='word_1_22' title='bbox 153 494 217 552; x_wconf 92' lang='lat' dir='ltr'><strong>pars</strong></span> <span class='ocrx_word' id='word_1_23' title='bbox 229 473 420 545; x_wconf 79' lang='lat' dir='ltr'><strong>sextadecima,</strong></span> <span class='ocrx_word' id='word_1_24' title='bbox 431 473 552 531; x_wconf 91' lang='lat' dir='ltr'><strong>dicamus</strong></span> <span class='ocrx_word' id='word_1_25' title='bbox 564 491 597 530; x_wconf 93' lang='lat' dir='ltr'><strong>as</strong></span> <span class='ocrx_word' id='word_1_26' title='bbox 606 490 673 530; x_wconf 91' lang='lat' dir='ltr'><strong>sem</strong></span> <span class='ocrx_word' id='word_1_27' title='bbox 684 490 710 530; x_wconf 92' lang='lat' dir='ltr'><strong>m</strong></span> <span class='ocrx_word' id='word_1_28' title='bbox 718 472 837 530; x_wconf 88' lang='lat' dir='ltr'><strong>onetal</strong></span> <span class='ocrx_word' id='word_1_29' title='bbox 846 490 904 531; x_wconf 87' lang='lat' dir='ltr'><strong>em.</strong></span> <span class='ocrx_word' id='word_1_30' title='bbox 931 473 988 529; x_wconf 86' lang='lat' dir='ltr'><strong>lam</strong></span> <span class='ocrx_word' id='word_1_31' title='bbox 999 473 1073 531; x_wconf 88' lang='lat' dir='ltr'><strong>ratio</strong></span> 
     </span>
     <span class='ocr_line' id='line_1_5' title="bbox 154 556 1074 635; baseline -0.002 -18"><span class='ocrx_word' id='word_1_32' title='bbox 154 559 315 635; x_wconf 91' lang='lat' dir='ltr'><strong>simpliciter</strong></span> <span class='ocrx_word' id='word_1_33' title='bbox 334 560 375 616; x_wconf 88' lang='lat' dir='ltr'><strong>sic</strong></span> <span class='ocrx_word' id='word_1_34' title='bbox 395 557 530 615; x_wconf 90' lang='lat' dir='ltr'><strong>ducenda:</strong></span> <span class='ocrx_word' id='word_1_35' title='bbox 552 575 582 614; x_wconf 91' lang='lat' dir='ltr'><strong>as</strong></span> <span class='ocrx_word' id='word_1_36' title='bbox 603 556 749 615; x_wconf 87' lang='lat' dir='ltr'><strong>monetalis</strong></span> <span class='ocrx_word' id='word_1_37' title='bbox 770 566 854 633; x_wconf 88' lang='lat' dir='ltr'><strong>quota</strong></span> <span class='ocrx_word' id='word_1_38' title='bbox 874 575 938 633; x_wconf 90' lang='lat' dir='ltr'><strong>pars</strong></span> <span class='ocrx_word' id='word_1_39' title='bbox 958 566 1003 615; x_wconf 90' lang='lat' dir='ltr'><strong>cst</strong></span> <span class='ocrx_word' id='word_1_40' title='bbox 1023 556 1074 615; x_wconf 85' lang='lat' dir='ltr'><strong>de·</strong></span> 
     </span>
     <span class='ocr_line' id='line_1_6' title="bbox 154 640 1074 717; baseline -0.004 -16"><span class='ocrx_word' id='word_1_41' title='bbox 154 646 240 717; x_wconf 84' lang='lat' dir='ltr'><strong>narii,</strong></span> <span class='ocrx_word' id='word_1_42' title='bbox 266 644 400 717; x_wconf 85' lang='lat' dir='ltr'><strong>siquidem</strong></span> <span class='ocrx_word' id='word_1_43' title='bbox 422 643 495 699; x_wconf 92' lang='lat' dir='ltr'><strong>hunc</strong></span> <span class='ocrx_word' id='word_1_44' title='bbox 515 659 603 700; x_wconf 88' lang='lat' dir='ltr'><strong>assem</strong></span> <span class='ocrx_word' id='word_1_45' title='bbox 625 642 681 700; x_wconf 86' lang='lat' dir='ltr'><strong>sire</strong></span> <span class='ocrx_word' id='word_1_46' title='bbox 702 640 820 699; x_wconf 90' lang='lat' dir='ltr'><strong>solidum</strong></span> <span class='ocrx_word' id='word_1_47' title='bbox 839 642 955 699; x_wconf 80' lang='lat' dir='ltr'><strong>leceris?</strong></span> <span class='ocrx_word' id='word_1_48' title='bbox 987 640 1074 698; x_wconf 86' lang='lat' dir='ltr'><strong>Mimi-</strong></span> 
     </span>
     <span class='ocr_line' id='line_1_7' title="bbox 153 724 1074 801; baseline -0.004 -15"><span class='ocrx_word' id='word_1_49' title='bbox 153 746 214 786; x_wconf 89' lang='lat' dir='ltr'><strong>rum</strong></span> <span class='ocrx_word' id='word_1_50' title='bbox 231 729 369 786; x_wconf 80' lang='lat' dir='ltr'><strong>semuncia</strong></span> <span class='ocrx_word' id='word_1_51' title='bbox 384 726 515 798; x_wconf 80' lang='lat' dir='ltr'><strong>sicilicus,</strong></span> <span class='ocrx_word' id='word_1_52' title='bbox 531 728 558 784; x_wconf 90' lang='lat' dir='ltr'><strong>id</strong></span> <span class='ocrx_word' id='word_1_53' title='bbox 574 735 695 801; x_wconf 91' lang='lat' dir='ltr'><strong>estpars</strong></span> <span class='ocrx_word' id='word_1_54' title='bbox 713 727 901 785; x_wconf 82' lang='lat' dir='ltr'><strong>sextadecima.</strong></span> <span class='ocrx_word' id='word_1_55' title='bbox 935 728 1028 801; x_wconf 82' lang='lat' dir='ltr'><strong>Atque</strong></span> <span class='ocrx_word' id='word_1_56' title='bbox 1043 724 1074 783; x_wconf 89' lang='lat' dir='ltr'><strong>id</strong></span> 
     </span>
     <span class='ocr_line' id='line_1_8' title="bbox 153 802 1074 888; baseline -0.002 -19"><span class='ocrx_word' id='word_1_57' title='bbox 153 817 243 888; x_wconf 88' lang='lat' dir='ltr'><strong>ipsum</strong></span> <span class='ocrx_word' id='word_1_58' title='bbox 268 812 357 870; x_wconf 82' lang='lat' dir='ltr'><strong>solidi</strong></span> <span class='ocrx_word' id='word_1_59' title='bbox 378 829 449 885; x_wconf 84' lang='lat' dir='ltr'><strong>pars</strong></span> <span class='ocrx_word' id='word_1_60' title='bbox 474 802 675 868; x_wconf 79' lang='lat' dir='ltr'><strong>seetudecinni</strong></span> <span class='ocrx_word' id='word_1_61' title='bbox 695 810 849 869; x_wconf 76' lang='lat' dir='ltr'><strong>Maecianus</strong></span> <span class='ocrx_word' id='word_1_62' title='bbox 869 812 912 868; x_wconf 88' lang='lat' dir='ltr'><strong>bis</strong></span> <span class='ocrx_word' id='word_1_63' title='bbox 934 812 1074 887; x_wconf 83' lang='lat' dir='ltr'><strong>expressit</strong></span> 
     </span>
     <span class='ocr_line' id='line_1_9' title="bbox 154 896 1074 971; baseline -0.003 -17"><span class='ocrx_word' id='word_1_64' title='bbox 154 897 230 971; x_wconf 82' lang='lat'>(48):</span> <span class='ocrx_word' id='word_1_65' title='bbox 252 901 420 953; x_wconf 82' lang='lat' dir='ltr'><strong>semunciae</strong></span> <span class='ocrx_word' id='word_1_66' title='bbox 435 900 511 954; x_wconf 85' lang='lat' dir='ltr'><strong>enim</strong></span> <span class='ocrx_word' id='word_1_67' title='bbox 526 898 653 955; x_wconf 76' lang='lat' dir='ltr'><strong>sedecim</strong></span> <span class='ocrx_word' id='word_1_68' title='bbox 670 904 697 952; x_wconf 90' lang='lat' dir='ltr'><strong>et</strong></span> <span class='ocrx_word' id='word_1_69' title='bbox 711 896 821 953; x_wconf 74' lang='lat' dir='ltr'><strong>sicilici</strong></span> <span class='ocrx_word' id='word_1_70' title='bbox 833 897 961 954; x_wconf 78' lang='lat' dir='ltr'><strong>sedecim</strong></span> <span class='ocrx_word' id='word_1_71' title='bbox 977 911 1074 953; x_wconf 77' lang='lat' dir='ltr'><strong>essens</strong></span> 
     </span>
     <span class='ocr_line' id='line_1_10' title="bbox 154 980 1073 1056; baseline -0.001 -18"><span class='ocrx_word' id='word_1_72' title='bbox 154 983 295 1053; x_wconf 71' lang='lat' dir='ltr'><strong>efficient.</strong></span> <span class='ocrx_word' id='word_1_73' title='bbox 340 981 494 1056; x_wconf 74' lang='lat' dir='ltr'><strong>Mallemque</strong></span> <span class='ocrx_word' id='word_1_74' title='bbox 515 983 622 1039; x_wconf 92' lang='lat' dir='ltr'><strong>ratione</strong></span> <span class='ocrx_word' id='word_1_75' title='bbox 643 988 746 1038; x_wconf 90' lang='lat' dir='ltr'><strong>ceteras</strong></span> <span class='ocrx_word' id='word_1_76' title='bbox 767 984 946 1056; x_wconf 83' lang='lat' dir='ltr'><strong>persequitur</strong></span> <span class='ocrx_word' id='word_1_77' title='bbox 965 980 1073 1039; x_wconf 89' lang='lat' dir='ltr'><strong>denarii</strong></span> 
     </span>
     <span class='ocr_line' id='line_1_11' title="bbox 153 1065 1071 1142; baseline -0.003 -19"><span class='ocrx_word' id='word_1_78' title='bbox 153 1076 246 1141; x_wconf 88' lang='lat' dir='ltr'><strong>partes</strong></span> <span class='ocrx_word' id='word_1_79' title='bbox 273 1066 388 1141; x_wconf 84' lang='lat' dir='ltr'><strong>singulis</strong></span> <span class='ocrx_word' id='word_1_80' title='bbox 414 1065 520 1122; x_wconf 90' lang='lat' dir='ltr'><strong>assibus</strong></span> <span class='ocrx_word' id='word_1_81' title='bbox 545 1066 726 1123; x_wconf 88' lang='lat' dir='ltr'><strong>monetalibus</strong></span> <span class='ocrx_word' id='word_1_82' title='bbox 747 1065 862 1137; x_wconf 88' lang='lat' dir='ltr'><strong>additis,</strong></span> <span class='ocrx_word' id='word_1_83' title='bbox 888 1066 1071 1142; x_wconf 80' lang='lat' dir='ltr'><strong>dupondium,</strong></span> 
     </span>
     <span class='ocr_line' id='line_1_12' title="bbox 153 1149 1073 1225; baseline 0.001 -19"><span class='ocrx_word' id='word_1_84' title='bbox 153 1160 286 1224; x_wconf 89' lang='lat' dir='ltr'><strong>tressem,</strong></span> <span class='ocrx_word' id='word_1_85' title='bbox 302 1149 408 1223; x_wconf 90' lang='lat' dir='ltr'><strong>reliqua</strong></span> <span class='ocrx_word' id='word_1_86' title='bbox 423 1166 511 1224; x_wconf 86' lang='lat' dir='ltr'><strong>usquc</strong></span> <span class='ocrx_word' id='word_1_87' title='bbox 526 1151 558 1207; x_wconf 95' lang='lat' dir='ltr'><strong>ad</strong></span> <span class='ocrx_word' id='word_1_88' title='bbox 575 1151 778 1225; x_wconf 88' lang='lat' dir='ltr'><strong>quindeciaere:</strong></span> <span class='ocrx_word' id='word_1_89' title='bbox 800 1151 847 1207; x_wconf 91' lang='lat' dir='ltr'><strong>bic</strong></span> <span class='ocrx_word' id='word_1_90' title='bbox 861 1154 931 1208; x_wconf 87' lang='lat' dir='ltr'><strong>enim</strong></span> <span class='ocrx_word' id='word_1_91' title='bbox 945 1150 1009 1207; x_wconf 91' lang='lat' dir='ltr'><strong>linis</strong></span> <span class='ocrx_word' id='word_1_92' title='bbox 1026 1166 1073 1207; x_wconf 85' lang='lat' dir='ltr'><strong>ex·</strong></span> 
     </span>
     <span class='ocr_line' id='line_1_13' title="bbox 153 1234 1072 1310; baseline -0.001 -20"><span class='ocrx_word' id='word_1_93' title='bbox 153 1235 300 1310; x_wconf 79' lang='lat' dir='ltr'><strong>positionis</strong></span> <span class='ocrx_word' id='word_1_94' title='bbox 327 1234 466 1291; x_wconf 82' lang='lat' dir='ltr'><strong>faciendus</strong></span> <span class='ocrx_word' id='word_1_95' title='bbox 487 1244 561 1307; x_wconf 88' lang='lat' dir='ltr'><strong>erat,</strong></span> <span class='ocrx_word' id='word_1_96' title='bbox 589 1236 718 1309; x_wconf 89' lang='lat' dir='ltr'><strong>quonium</strong></span> <span class='ocrx_word' id='word_1_97' title='bbox 740 1236 858 1292; x_wconf 87' lang='lat' dir='ltr'><strong>sedecim</strong></span> <span class='ocrx_word' id='word_1_98' title='bbox 882 1253 957 1293; x_wconf 89' lang='lat' dir='ltr'><strong>asses</strong></span> <span class='ocrx_word' id='word_1_99' title='bbox 978 1236 1072 1310; x_wconf 88' lang='lat' dir='ltr'><strong>ipsum</strong></span> 
     </span>
     <span class='ocr_line' id='line_1_14' title="bbox 154 1317 1071 1378; baseline -0.001 -3"><span class='ocrx_word' id='word_1_100' title='bbox 154 1320 294 1375; x_wconf 89' lang='lat' dir='ltr'><strong>denarium</strong></span> <span class='ocrx_word' id='word_1_101' title='bbox 315 1317 445 1375; x_wconf 79' lang='lat' dir='ltr'><strong>efficiunt.</strong></span> <span class='ocrx_word' id='word_1_102' title='bbox 487 1318 558 1375; x_wconf 91' lang='lat' dir='ltr'><strong>llaec</strong></span> <span class='ocrx_word' id='word_1_103' title='bbox 579 1336 643 1376; x_wconf 89' lang='lat' dir='ltr'><strong>vero</strong></span> <span class='ocrx_word' id='word_1_104' title='bbox 664 1323 754 1376; x_wconf 87' lang='lat' dir='ltr'><strong>omnia</strong></span> <span class='ocrx_word' id='word_1_105' title='bbox 774 1337 789 1375; x_wconf 94' lang='lat' dir='ltr'><strong>a</strong></span> <span class='ocrx_word' id='word_1_106' title='bbox 810 1319 948 1378; x_wconf 79' lang='lat' dir='ltr'><strong>Maeciano</strong></span> <span class='ocrx_word' id='word_1_107' title='bbox 970 1317 1071 1376; x_wconf 90' lang='lat' dir='ltr'><strong>tradita</strong></span> 
     </span>
     <span class='ocr_line' id='line_1_15' title="bbox 154 1402 1075 1478; baseline -0.002 -18"><span class='ocrx_word' id='word_1_108' title='bbox 154 1406 177 1460; x_wconf 87' lang='lat' dir='ltr'><strong>si</strong></span> <span class='ocrx_word' id='word_1_109' title='bbox 201 1404 334 1459; x_wconf 88' lang='lat' dir='ltr'><strong>inunum</strong></span> <span class='ocrx_word' id='word_1_110' title='bbox 356 1402 626 1477; x_wconf 87' lang='lat' dir='ltr'><strong>comprehendimus,</strong></span> <span class='ocrx_word' id='word_1_111' title='bbox 655 1404 719 1478; x_wconf 91' lang='lat' dir='ltr'><strong>quid</strong></span> <span class='ocrx_word' id='word_1_112' title='bbox 745 1403 808 1461; x_wconf 87' lang='lat' dir='ltr'><strong>inde</strong></span> <span class='ocrx_word' id='word_1_113' title='bbox 834 1402 1075 1461; x_wconf 76' lang='lat' dir='ltr'><strong>concludendum?</strong></span> 
     </span>
     <span class='ocr_line' id='line_1_16' title="bbox 154 1487 1074 1563; baseline -0.001 -20"><span class='ocrx_word' id='word_1_114' title='bbox 154 1488 272 1543; x_wconf 89' lang='lat' dir='ltr'><strong>Primum</strong></span> <span class='ocrx_word' id='word_1_115' title='bbox 291 1487 444 1544; x_wconf 81' lang='lat' dir='ltr'><strong>Maecianus</strong></span> <span class='ocrx_word' id='word_1_116' title='bbox 464 1487 547 1544; x_wconf 92' lang='lat' dir='ltr'><strong>nullis</strong></span> <span class='ocrx_word' id='word_1_117' title='bbox 567 1489 619 1544; x_wconf 90' lang='lat' dir='ltr'><strong>nisi</strong></span> <span class='ocrx_word' id='word_1_118' title='bbox 640 1490 674 1544; x_wconf 92' lang='lat' dir='ltr'><strong>iis</strong></span> <span class='ocrx_word' id='word_1_119' title='bbox 696 1489 820 1562; x_wconf 76' lang='lat' dir='ltr'><strong>partibus</strong></span> <span class='ocrx_word' id='word_1_120' title='bbox 840 1488 930 1562; x_wconf 90' lang='lat' dir='ltr'><strong>iisque</strong></span> <span class='ocrx_word' id='word_1_121' title='bbox 950 1487 1074 1563; x_wconf 91' lang='lat' dir='ltr'><strong>appella·</strong></span> 
     </span>
     <span class='ocr_line' id='line_1_17' title="bbox 154 1572 1074 1646; baseline -0.002 -17"><span class='ocrx_word' id='word_1_122' title='bbox 154 1572 275 1629; x_wconf 89' lang='lat' dir='ltr'><strong>tionibus</strong></span> <span class='ocrx_word' id='word_1_123' title='bbox 301 1573 405 1643; x_wconf 87' lang='lat' dir='ltr'><strong>utitur,</strong></span> <span class='ocrx_word' id='word_1_124' title='bbox 432 1588 501 1645; x_wconf 91' lang='lat' dir='ltr'><strong>quae</strong></span> <span class='ocrx_word' id='word_1_125' title='bbox 524 1573 650 1646; x_wconf 81' lang='lat' dir='ltr'><strong>vulgatae</strong></span> <span class='ocrx_word' id='word_1_126' title='bbox 677 1572 789 1630; x_wconf 89' lang='lat' dir='ltr'><strong>luerunt</strong></span> <span class='ocrx_word' id='word_1_127' title='bbox 810 1575 837 1629; x_wconf 89' lang='lat' dir='ltr'><strong>in</strong></span> <span class='ocrx_word' id='word_1_128' title='bbox 859 1574 979 1630; x_wconf 87' lang='lat' dir='ltr'><strong>cuiusvis</strong></span> <span class='ocrx_word' id='word_1_129' title='bbox 1000 1572 1074 1629; x_wconf 83' lang='lat' dir='ltr'><strong>assis</strong></span> 
     </span>
     <span class='ocr_line' id='line_1_18' title="bbox 154 1654 1073 1731; baseline 0 -18"><span class='ocrx_word' id='word_1_130' title='bbox 154 1659 210 1713; x_wconf 90' lang='lat' dir='ltr'><strong>sive</strong></span> <span class='ocrx_word' id='word_1_131' title='bbox 234 1656 314 1713; x_wconf 90' lang='lat' dir='ltr'><strong>solidi</strong></span> <span class='ocrx_word' id='word_1_132' title='bbox 334 1656 483 1725; x_wconf 83' lang='lat' dir='ltr'><strong>divisiono3</strong></span> <span class='ocrx_word' id='word_1_133' title='bbox 504 1656 572 1712; x_wconf 91' lang='lat' dir='ltr'><strong>nibil</strong></span> <span class='ocrx_word' id='word_1_134' title='bbox 588 1657 673 1731; x_wconf 83' lang='lat' dir='ltr'><strong>igitur</strong></span> <span class='ocrx_word' id='word_1_135' title='bbox 688 1659 742 1713; x_wconf 91' lang='lat' dir='ltr'><strong>nisi</strong></span> <span class='ocrx_word' id='word_1_136' title='bbox 757 1658 898 1715; x_wconf 91' lang='lat' dir='ltr'><strong>denarium</strong></span> <span class='ocrx_word' id='word_1_137' title='bbox 913 1660 941 1714; x_wconf 88' lang='lat' dir='ltr'><strong>iu</strong></span> <span class='ocrx_word' id='word_1_138' title='bbox 959 1654 1073 1715; x_wconf 89' lang='lat' dir='ltr'><strong>calculis</strong></span> 
     </span>
     <span class='ocr_line' id='line_1_19' title="bbox 152 1740 1074 1816; baseline -0.001 -19"><span class='ocrx_word' id='word_1_139' title='bbox 152 1740 287 1815; x_wconf 89' lang='lat' dir='ltr'><strong>ponendis</strong></span> <span class='ocrx_word' id='word_1_140' title='bbox 310 1740 376 1796; x_wconf 89' lang='lat' dir='ltr'><strong>lecit</strong></span> <span class='ocrx_word' id='word_1_141' title='bbox 398 1757 502 1810; x_wconf 90' lang='lat' dir='ltr'><strong>assem,</strong></span> <span class='ocrx_word' id='word_1_142' title='bbox 526 1741 553 1796; x_wconf 92' lang='lat' dir='ltr'><strong>id</strong></span> <span class='ocrx_word' id='word_1_143' title='bbox 571 1750 613 1797; x_wconf 89' lang='lat' dir='ltr'><strong>est</strong></span> <span class='ocrx_word' id='word_1_144' title='bbox 628 1741 762 1812; x_wconf 90' lang='lat' dir='ltr'><strong>solidum,</strong></span> <span class='ocrx_word' id='word_1_145' title='bbox 787 1751 869 1816; x_wconf 89' lang='lat' dir='ltr'><strong>atque</strong></span> <span class='ocrx_word' id='word_1_146' title='bbox 886 1758 962 1800; x_wconf 87' lang='lat' dir='ltr'><strong>asses</strong></span> <span class='ocrx_word' id='word_1_147' title='bbox 977 1756 1074 1798; x_wconf 88' lang='lat' dir='ltr'><strong>mone·</strong></span> 
     </span>
     <span class='ocr_line' id='line_1_20' title="bbox 153 1824 1072 1901; baseline 0.001 -21"><span class='ocrx_word' id='word_1_148' title='bbox 153 1825 221 1881; x_wconf 89' lang='lat' dir='ltr'><strong>tales</strong></span> <span class='ocrx_word' id='word_1_149' title='bbox 243 1824 367 1898; x_wconf 83' lang='lat' dir='ltr'><strong>singulos</strong></span> <span class='ocrx_word' id='word_1_150' title='bbox 391 1834 419 1880; x_wconf 92' lang='lat' dir='ltr'><strong>et</strong></span> <span class='ocrx_word' id='word_1_151' title='bbox 436 1824 516 1882; x_wconf 89' lang='lat' dir='ltr'><strong>binos</strong></span> <span class='ocrx_word' id='word_1_152' title='bbox 530 1834 558 1882; x_wconf 89' lang='lat' dir='ltr'><strong>et</strong></span> <span class='ocrx_word' id='word_1_153' title='bbox 573 1833 679 1882; x_wconf 87' lang='lat' dir='ltr'><strong>ceteros</strong></span> <span class='ocrx_word' id='word_1_154' title='bbox 696 1827 830 1901; x_wconf 82' lang='lat' dir='ltr'><strong>expressit</strong></span> <span class='ocrx_word' id='word_1_155' title='bbox 847 1843 878 1883; x_wconf 83' lang='lat' dir='ltr'><strong>ex</strong></span> <span class='ocrx_word' id='word_1_156' title='bbox 893 1827 974 1884; x_wconf 91' lang='lat' dir='ltr'><strong>solidi</strong></span> <span class='ocrx_word' id='word_1_157' title='bbox 989 1825 1072 1882; x_wconf 91' lang='lat' dir='ltr'><strong>deua-</strong></span> 
     </span>
     <span class='ocr_line' id='line_1_21' title="bbox 153 1909 1136 1985; baseline -0.001 -20"><span class='ocrx_word' id='word_1_158' title='bbox 153 1910 186 1965; x_wconf 92' lang='lat' dir='ltr'><strong>rii</strong></span> <span class='ocrx_word' id='word_1_159' title='bbox 202 1910 317 1966; x_wconf 87' lang='lat' dir='ltr'><strong>ratione.</strong></span> <span class='ocrx_word' id='word_1_160' title='bbox 347 1909 430 1965; x_wconf 85' lang='lat' dir='ltr'><strong>Cuius</strong></span> <span class='ocrx_word' id='word_1_161' title='bbox 445 1911 485 1966; x_wconf 92' lang='lat' dir='ltr'><strong>rei</strong></span> <span class='ocrx_word' id='word_1_162' title='bbox 501 1926 581 1967; x_wconf 90' lang='lat' dir='ltr'><strong>usum</strong></span> <span class='ocrx_word' id='word_1_163' title='bbox 599 1911 658 1985; x_wconf 92' lang='lat' dir='ltr'><strong>ipse</strong></span> <span class='ocrx_word' id='word_1_164' title='bbox 675 1910 828 1968; x_wconf 88' lang='lat' dir='ltr'><strong>loculenter</strong></span> <span class='ocrx_word' id='word_1_165' title='bbox 843 1911 1012 1968; x_wconf 90' lang='lat' dir='ltr'><strong>demonstrat</strong></span> <span class='ocrx_word' id='word_1_166' title='bbox 1028 1909 1074 1965; x_wconf 90' lang='lat' dir='ltr'><strong>bis</strong></span> <span class='ocrx_word' id='word_1_167' title='bbox 1132 1948 1136 1957; x_wconf 85' lang='lat'><strong>.</strong></span> 
     </span>
     <span class='ocr_line' id='line_1_22' title="bbox 154 1989 1072 2068; baseline 0.002 -21"><span class='ocrx_word' id='word_1_168' title='bbox 154 1994 242 2050; x_wconf 82' lang='lat' dir='ltr'><strong>verbis</strong></span> <span class='ocrx_word' id='word_1_169' title='bbox 265 1989 341 2068; x_wconf 85' lang='lat'>(63):</span> <span class='ocrx_word' id='word_1_170' title='bbox 368 1997 599 2067; x_wconf 74' lang='lat' dir='ltr'><strong>inpediosissime</strong></span> <span class='ocrx_word' id='word_1_171' title='bbox 627 2005 738 2066; x_wconf 81' lang='lat' dir='ltr'><strong>actem,</strong></span> <span class='ocrx_word' id='word_1_172' title='bbox 765 2012 829 2052; x_wconf 82' lang='lat' dir='ltr'><strong>cum</strong></span> <span class='ocrx_word' id='word_1_173' title='bbox 852 1997 892 2052; x_wconf 84' lang='lat' dir='ltr'><strong>ad</strong></span> <span class='ocrx_word' id='word_1_174' title='bbox 914 1998 1072 2052; x_wconf 74' lang='lat' dir='ltr'><strong>denarium</strong></span> 
     </span>
     <span class='ocr_line' id='line_1_23' title="bbox 154 2080 1071 2151; baseline 0.001 -18"><span class='ocrx_word' id='word_1_175' title='bbox 154 2084 232 2135; x_wconf 83' lang='lat' dir='ltr'><strong>ratio</strong></span> <span class='ocrx_word' id='word_1_176' title='bbox 254 2080 464 2150; x_wconf 76' lang='lat' dir='ltr'><strong>conficeretur,</strong></span> <span class='ocrx_word' id='word_1_177' title='bbox 486 2084 673 2138; x_wconf 71' lang='lat' dir='ltr'><strong>excurrentis</strong></span> <span class='ocrx_word' id='word_1_178' title='bbox 693 2085 773 2136; x_wconf 84' lang='lat' dir='ltr'><strong>aeris</strong></span> <span class='ocrx_word' id='word_1_179' title='bbox 789 2089 860 2138; x_wconf 85' lang='lat' dir='ltr'><strong>noto</strong></span> <span class='ocrx_word' id='word_1_180' title='bbox 882 2085 1001 2136; x_wconf 82' lang='lat' dir='ltr'><strong>invento</strong></span> <span class='ocrx_word' id='word_1_181' title='bbox 1017 2087 1071 2151; x_wconf 89' lang='lat' dir='ltr'><strong>esi,</strong></span> 
     </span>
     <span class='ocr_line' id='line_1_24' title="bbox 153 2164 1072 2238; baseline 0.002 -20"><span class='ocrx_word' id='word_1_182' title='bbox 153 2180 228 2236; x_wconf 78' lang='lat' dir='ltr'><strong>pune</strong></span> <span class='ocrx_word' id='word_1_183' title='bbox 243 2164 374 2220; x_wconf 77' lang='lat' dir='ltr'><strong>sedecies</strong></span> <span class='ocrx_word' id='word_1_184' title='bbox 388 2165 582 2236; x_wconf 82' lang='lat' dir='ltr'><strong>multiplicato</strong></span> <span class='ocrx_word' id='word_1_185' title='bbox 599 2166 630 2221; x_wconf 89' lang='lat' dir='ltr'><strong>id</strong></span> <span class='ocrx_word' id='word_1_186' title='bbox 645 2164 791 2238; x_wconf 75' lang='lat' dir='ltr'><strong>efficeret:</strong></span> <span class='ocrx_word' id='word_1_187' title='bbox 811 2184 881 2222; x_wconf 80' lang='lat' dir='ltr'><strong>num</strong></span> <span class='ocrx_word' id='word_1_188' title='bbox 897 2182 961 2222; x_wconf 81' lang='lat' dir='ltr'><strong>com</strong></span> <span class='ocrx_word' id='word_1_189' title='bbox 978 2166 1072 2221; x_wconf 83' lang='lat' dir='ltr'><strong>denu-</strong></span> 
     </span>
     <span class='ocr_line' id='line_1_25' title="bbox 154 2249 1071 2325; baseline 0.002 -23"><span class='ocrx_word' id='word_1_190' title='bbox 154 2253 195 2303; x_wconf 86' lang='lat' dir='ltr'><strong>rii</strong></span> <span class='ocrx_word' id='word_1_191' title='bbox 209 2256 280 2302; x_wconf 80' lang='lat' dir='ltr'><strong>octe</strong></span> <span class='ocrx_word' id='word_1_192' title='bbox 295 2249 537 2322; x_wconf 84' lang='lat' dir='ltr'><strong>praescribatur,</strong></span> <span class='ocrx_word' id='word_1_193' title='bbox 555 2255 638 2321; x_wconf 85' lang='lat' dir='ltr'><strong>eique</strong></span> <span class='ocrx_word' id='word_1_194' title='bbox 655 2252 847 2325; x_wconf 78' lang='lat' dir='ltr'><strong>sediunqctor</strong></span> <span class='ocrx_word' id='word_1_195' title='bbox 865 2255 946 2307; x_wconf 85' lang='lat' dir='ltr'><strong>ueris</strong></span> <span class='ocrx_word' id='word_1_196' title='bbox 961 2266 1071 2306; x_wconf 78' lang='lat' dir='ltr'><strong>eccer-</strong></span> 
     </span>
     <span class='ocr_line' id='line_1_26' title="bbox 154 2335 1070 2405; baseline 0.003 -19"><span class='ocrx_word' id='word_1_197' title='bbox 154 2335 246 2386; x_wconf 85' lang='lat' dir='ltr'><strong>reatis</strong></span> <span class='ocrx_word' id='word_1_198' title='bbox 268 2340 353 2402; x_wconf 82' lang='lat' dir='ltr'><strong>note,</strong></span> <span class='ocrx_word' id='word_1_199' title='bbox 380 2335 564 2405; x_wconf 75' lang='lat' dir='ltr'><strong>manifestum</strong></span> <span class='ocrx_word' id='word_1_200' title='bbox 588 2343 630 2389; x_wconf 90' lang='lat' dir='ltr'><strong>est</strong></span> <span class='ocrx_word' id='word_1_201' title='bbox 650 2351 713 2391; x_wconf 84' lang='lat' dir='ltr'><strong>eom</strong></span> <span class='ocrx_word' id='word_1_202' title='bbox 732 2337 882 2392; x_wconf 86' lang='lat' dir='ltr'><strong>sedeciens</strong></span> <span class='ocrx_word' id='word_1_203' title='bbox 905 2336 1070 2392; x_wconf 81' lang='lat' dir='ltr'><strong>docendam</strong></span> 
     </span>
     <span class='ocr_line' id='line_1_27' title="bbox 155 2415 1072 2494; baseline 0.002 -22"><span class='ocrx_word' id='word_1_204' title='bbox 155 2432 192 2472; x_wconf 82' lang='lat' dir='ltr'><strong>ee</strong></span> <span class='ocrx_word' id='word_1_205' title='bbox 218 2415 410 2471; x_wconf 81' lang='lat' dir='ltr'><strong>adnotatione</strong></span> <span class='ocrx_word' id='word_1_206' title='bbox 436 2417 559 2474; x_wconf 83' lang='lat' dir='ltr'><strong>denarii.</strong></span> <span class='ocrx_word' id='word_1_207' title='bbox 603 2418 675 2493; x_wconf 83' lang='lat' dir='ltr'><strong>Ergo</strong></span> <span class='ocrx_word' id='word_1_208' title='bbox 702 2422 725 2476; x_wconf 93' lang='lat' dir='ltr'><strong>si</strong></span> <span class='ocrx_word' id='word_1_209' title='bbox 751 2423 873 2477; x_wconf 87' lang='lat' dir='ltr'><strong>rationes</strong></span> <span class='ocrx_word' id='word_1_210' title='bbox 895 2421 1072 2494; x_wconf 90' lang='lat' dir='ltr'><strong>pecuniariae</strong></span> 
     </span>
     <span class='ocr_line' id='line_1_28' title="bbox 154 2499 1071 2577; baseline 0.002 -20"><span class='ocrx_word' id='word_1_211' title='bbox 154 2499 376 2557; x_wconf 90' lang='lat' dir='ltr'><strong>subducebantur</strong></span> <span class='ocrx_word' id='word_1_212' title='bbox 391 2502 417 2555; x_wconf 93' lang='lat' dir='ltr'><strong>in</strong></span> <span class='ocrx_word' id='word_1_213' title='bbox 434 2503 552 2558; x_wconf 90' lang='lat' dir='ltr'><strong>denariis</strong></span> <span class='ocrx_word' id='word_1_214' title='bbox 569 2511 596 2559; x_wconf 88' lang='lat' dir='ltr'><strong>et</strong></span> <span class='ocrx_word' id='word_1_215' title='bbox 611 2513 720 2577; x_wconf 88' lang='lat' dir='ltr'><strong>practer</strong></span> <span class='ocrx_word' id='word_1_216' title='bbox 735 2505 838 2561; x_wconf 88' lang='lat' dir='ltr'><strong>solidos</strong></span> <span class='ocrx_word' id='word_1_217' title='bbox 855 2506 981 2562; x_wconf 89' lang='lat' dir='ltr'><strong>denarios</strong></span> <span class='ocrx_word' id='word_1_218' title='bbox 995 2520 1071 2562; x_wconf 90' lang='lat' dir='ltr'><strong>com·</strong></span> 
     </span>
     <span class='ocr_line' id='line_1_29' title="bbox 153 2584 1135 2662; baseline 0.003 -21"><span class='ocrx_word' id='word_1_219' title='bbox 153 2584 287 2659; x_wconf 89' lang='lat' dir='ltr'><strong>putandae</strong></span> <span class='ocrx_word' id='word_1_220' title='bbox 304 2593 382 2641; x_wconf 89' lang='lat' dir='ltr'><strong>erant</strong></span> <span class='ocrx_word' id='word_1_221' title='bbox 399 2585 574 2644; x_wconf 88' lang='lat' dir='ltr'><strong>denariorum</strong></span> <span class='ocrx_word' id='word_1_222' title='bbox 587 2597 696 2662; x_wconf 88' lang='lat' dir='ltr'><strong>partes,</strong></span> <span class='ocrx_word' id='word_1_223' title='bbox 718 2606 753 2644; x_wconf 89' lang='lat' dir='ltr'><strong>ne</strong></span> <span class='ocrx_word' id='word_1_224' title='bbox 767 2591 837 2645; x_wconf 91' lang='lat' dir='ltr'><strong>ratio</strong></span> <span class='ocrx_word' id='word_1_225' title='bbox 853 2589 1012 2647; x_wconf 86' lang='lat' dir='ltr'><strong>turbaretur</strong></span> <span class='ocrx_word' id='word_1_226' title='bbox 1029 2594 1071 2645; x_wconf 88' lang='lat' dir='ltr'><strong>tot</strong></span> <span class='ocrx_word' id='word_1_227' title='bbox 1130 2628 1135 2637; x_wconf 87' lang='lat'>.</span> 
     </span>
     <span class='ocr_line' id='line_1_30' title="bbox 154 2670 1071 2747; baseline 0.002 -21"><span class='ocrx_word' id='word_1_228' title='bbox 154 2671 288 2726; x_wconf 87' lang='lat' dir='ltr'><strong>sestertiis</strong></span> <span class='ocrx_word' id='word_1_229' title='bbox 311 2677 384 2725; x_wconf 89' lang='lat' dir='ltr'><strong>totve</strong></span> <span class='ocrx_word' id='word_1_230' title='bbox 402 2670 508 2727; x_wconf 92' lang='lat' dir='ltr'><strong>assibus</strong></span> <span class='ocrx_word' id='word_1_231' title='bbox 530 2672 674 2747; x_wconf 88' lang='lat' dir='ltr'><strong>adscriptis</strong></span> <span class='ocrx_word' id='word_1_232' title='bbox 690 2673 723 2728; x_wconf 92' lang='lat' dir='ltr'><strong>ad</strong></span> <span class='ocrx_word' id='word_1_233' title='bbox 739 2674 911 2730; x_wconf 88' lang='lat' dir='ltr'><strong>denariorum</strong></span> <span class='ocrx_word' id='word_1_234' title='bbox 926 2689 1071 2743; x_wconf 86' lang='lat' dir='ltr'><strong>summam,</strong></span> 
     </span>
     <span class='ocr_line' id='line_1_31' title="bbox 153 2756 1070 2832; baseline 0.002 -22"><span class='ocrx_word' id='word_1_235' title='bbox 153 2762 195 2810; x_wconf 88' lang='lat' dir='ltr'><strong>tot</strong></span> <span class='ocrx_word' id='word_1_236' title='bbox 215 2756 308 2828; x_wconf 89' lang='lat' dir='ltr'><strong>potius</strong></span> <span class='ocrx_word' id='word_1_237' title='bbox 328 2762 421 2829; x_wconf 87' lang='lat' dir='ltr'><strong>partes</strong></span> <span class='ocrx_word' id='word_1_238' title='bbox 447 2756 549 2814; x_wconf 91' lang='lat' dir='ltr'><strong>denarii</strong></span> <span class='ocrx_word' id='word_1_239' title='bbox 576 2775 626 2831; x_wconf 90' lang='lat' dir='ltr'><strong>pro</strong></span> <span class='ocrx_word' id='word_1_240' title='bbox 647 2774 709 2814; x_wconf 88' lang='lat' dir='ltr'><strong>asse</strong></span> <span class='ocrx_word' id='word_1_241' title='bbox 729 2760 786 2814; x_wconf 79' lang='lat' dir='ltr'><strong>sive</strong></span> <span class='ocrx_word' id='word_1_242' title='bbox 810 2758 897 2815; x_wconf 87' lang='lat' dir='ltr'><strong>solido</strong></span> <span class='ocrx_word' id='word_1_243' title='bbox 918 2757 1070 2832; x_wconf 90' lang='lat' dir='ltr'><strong>computati</strong></span> 
     </span>
     <span class='ocr_line' id='line_1_32' title="bbox 152 2838 1071 2917; baseline 0.007 -25"><span class='ocrx_word' id='word_1_244' title='bbox 152 2838 335 2911; x_wconf 79' lang='lat' dir='ltr'><strong>adiungebant</strong></span> <span class='ocrx_word' id='word_1_245' title='bbox 351 2842 560 2898; x_wconf 87' lang='lat' dir='ltr'><strong>ratiocinatores</strong></span> <span class='ocrx_word' id='word_1_246' title='bbox 574 2842 696 2898; x_wconf 79' lang='lat' dir='ltr'><strong>Montani.</strong></span> <span class='ocrx_word' id='word_1_247' title='bbox 727 2841 787 2914; x_wconf 89' lang='lat' dir='ltr'><strong>Sic,</strong></span> <span class='ocrx_word' id='word_1_248' title='bbox 806 2851 838 2898; x_wconf 91' lang='lat' dir='ltr'><strong>ut</strong></span> <span class='ocrx_word' id='word_1_249' title='bbox 855 2841 979 2917; x_wconf 81' lang='lat' dir='ltr'><strong>exemplo</strong></span> <span class='ocrx_word' id='word_1_250' title='bbox 996 2850 1071 2913; x_wconf 87' lang='lat' dir='ltr'><strong>utar,</strong></span> 
     </span>
     <span class='ocr_line' id='line_1_33' title="bbox 152 2926 1072 2984; baseline 0.003 -6"><span class='ocrx_word' id='word_1_251' title='bbox 152 2938 283 2978; x_wconf 92' lang='lat' dir='ltr'><strong>summam</strong></span> <span class='ocrx_word' id='word_1_252' title='bbox 305 2931 413 2980; x_wconf 92' lang='lat' dir='ltr'><strong>centum</strong></span> <span class='ocrx_word' id='word_1_253' title='bbox 436 2926 609 2982; x_wconf 88' lang='lat' dir='ltr'><strong>denariorum</strong></span> <span class='ocrx_word' id='word_1_254' title='bbox 631 2928 752 2982; x_wconf 89' lang='lat' dir='ltr'><strong>sestertii</strong></span> <span class='ocrx_word' id='word_1_255' title='bbox 769 2928 852 2983; x_wconf 90' lang='lat' dir='ltr'><strong>unius</strong></span> <span class='ocrx_word' id='word_1_256' title='bbox 868 2928 969 2984; x_wconf 91' lang='lat' dir='ltr'><strong>assium</strong></span> <span class='ocrx_word' id='word_1_257' title='bbox 984 2928 1072 2983; x_wconf 86' lang='lat' dir='ltr'><strong>trium</strong></span> 
     </span>
     <span class='ocr_line' id='line_1_34' title="bbox 151 3006 1072 3085; baseline 0.005 -24"><span class='ocrx_word' id='word_1_258' title='bbox 151 3006 271 3062; x_wconf 90' lang='lat' dir='ltr'><strong>breviter</strong></span> <span class='ocrx_word' id='word_1_259' title='bbox 291 3007 447 3065; x_wconf 82' lang='lat' dir='ltr'><strong>scribebant</strong></span> <span class='ocrx_word' id='word_1_260' title='bbox 461 3010 645 3083; x_wconf 62' lang='lat' dir='ltr'><strong>xcx-3,</strong></span> <span class='ocrx_word' id='word_1_261' title='bbox 666 3026 727 3066; x_wconf 90' lang='lat' dir='ltr'><strong>nam</strong></span> <span class='ocrx_word' id='word_1_262' title='bbox 750 3020 854 3085; x_wconf 89' lang='lat' dir='ltr'><strong>septem</strong></span> <span class='ocrx_word' id='word_1_263' title='bbox 876 3029 953 3069; x_wconf 91' lang='lat' dir='ltr'><strong>assos</strong></span> <span class='ocrx_word' id='word_1_264' title='bbox 976 3026 1072 3067; x_wconf 92' lang='lat' dir='ltr'><strong>mone·</strong></span> 
     </span>
     <span class='ocr_line' id='line_1_35' title="bbox 153 3091 1072 3169; baseline 0.005 -23"><span class='ocrx_word' id='word_1_265' title='bbox 153 3091 220 3147; x_wconf 86' lang='lat' dir='ltr'><strong>tales</strong></span> <span class='ocrx_word' id='word_1_266' title='bbox 236 3100 301 3148; x_wconf 91' lang='lat' dir='ltr'><strong>sunt</strong></span> <span class='ocrx_word' id='word_1_267' title='bbox 315 3093 418 3150; x_wconf 90' lang='lat' dir='ltr'><strong>denarii</strong></span> <span class='ocrx_word' id='word_1_268' title='bbox 435 3103 528 3168; x_wconf 90' lang='lat' dir='ltr'><strong>partes</strong></span> <span class='ocrx_word' id='word_1_269' title='bbox 547 3096 896 3169; x_wconf 79' lang='lat' dir='ltr'><strong>septemsestaedceimae,</strong></span> <span class='ocrx_word' id='word_1_270' title='bbox 915 3097 972 3153; x_wconf 83' lang='lat' dir='ltr'><strong>sire</strong></span> <span class='ocrx_word' id='word_1_271' title='bbox 989 3094 1072 3169; x_wconf 89' lang='lat' dir='ltr'><strong>quin·</strong></span> 
     </span>
    </p>

    <p class='ocr_par' dir='ltr' id='par_1_4' title="bbox 54 3177 1073 3342">
     <span class='ocr_line' id='line_1_36' title="bbox 54 3177 1073 3255; baseline 0.007 -25"><span class='ocrx_word' id='word_1_272' title='bbox 54 3234 58 3239; x_wconf 70' lang='grc'><strong>,</strong></span> <span class='ocrx_word' id='word_1_273' title='bbox 152 3192 205 3249; x_wconf 89' lang='lat' dir='ltr'><strong>que</strong></span> <span class='ocrx_word' id='word_1_274' title='bbox 225 3177 416 3250; x_wconf 87' lang='lat' dir='ltr'><strong>duodecimae,</strong></span> <span class='ocrx_word' id='word_1_275' title='bbox 441 3180 465 3235; x_wconf 89' lang='lat' dir='ltr'><strong>id</strong></span> <span class='ocrx_word' id='word_1_276' title='bbox 490 3188 532 3236; x_wconf 91' lang='lat' dir='ltr'><strong>est</strong></span> <span class='ocrx_word' id='word_1_277' title='bbox 554 3181 675 3254; x_wconf 92' lang='lat' dir='ltr'><strong>quinque</strong></span> <span class='ocrx_word' id='word_1_278' title='bbox 696 3183 810 3253; x_wconf 91' lang='lat' dir='ltr'><strong>unciae,</strong></span> <span class='ocrx_word' id='word_1_279' title='bbox 833 3190 861 3238; x_wconf 90' lang='lat' dir='ltr'><strong>et</strong></span> <span class='ocrx_word' id='word_1_280' title='bbox 882 3183 996 3255; x_wconf 91' lang='lat' dir='ltr'><strong>insuper</strong></span> <span class='ocrx_word' id='word_1_281' title='bbox 1015 3197 1073 3255; x_wconf 88' lang='lat' dir='ltr'><strong>una</strong></span> 
     </span>
     <span class='ocr_line' id='line_1_37' title="bbox 152 3258 761 3342; baseline 0.007 -27"><span class='ocrx_word' id='word_1_282' title='bbox 152 3260 359 3335; x_wconf 81' lang='lat' dir='ltr'><strong>qrradragesima</strong></span> <span class='ocrx_word' id='word_1_283' title='bbox 375 3272 486 3336; x_wconf 77' lang='lat' dir='ltr'><strong>octava,</strong></span> <span class='ocrx_word' id='word_1_284' title='bbox 503 3264 529 3320; x_wconf 91' lang='lat' dir='ltr'><strong>id</strong></span> <span class='ocrx_word' id='word_1_285' title='bbox 545 3273 588 3321; x_wconf 90' lang='lat' dir='ltr'><strong>cst</strong></span> <span class='ocrx_word' id='word_1_286' title='bbox 607 3258 761 3342; x_wconf 83' lang='lat' dir='ltr'><strong>sicilicus⁴).</strong></span> 
     </span>
    </p>
   </div>
   <div class='ocr_carea' id='block_1_3' title="bbox 138 3458 1126 3600">
    <p class='ocr_par' dir='ltr' id='par_1_5' title="bbox 138 3458 1126 3600">
     <span class='ocr_line' id='line_1_38' title="bbox 218 3458 1073 3533; baseline 0.007 -24"><span class='ocrx_word' id='word_1_287' title='bbox 218 3458 245 3524; x_wconf 79' lang='lat'><strong>4)</strong></span> <span class='ocrx_word' id='word_1_288' title='bbox 268 3460 375 3526; x_wconf 82' lang='lat' dir='ltr'><strong>Redige</strong></span> <span class='ocrx_word' id='word_1_289' title='bbox 393 3459 427 3528; x_wconf 42' lang='grc' dir='ltr'><strong>ἦν</strong></span> <span class='ocrx_word' id='word_1_290' title='bbox 446 3462 479 3512; x_wconf 88' lang='lat' dir='ltr'><strong>ed</strong></span> <span class='ocrx_word' id='word_1_291' title='bbox 497 3460 545 3529; x_wconf 58' lang='lat' dir='ltr'><strong>fl,</strong></span> <span class='ocrx_word' id='word_1_292' title='bbox 570 3464 641 3514; x_wconf 90' lang='lat' dir='ltr'><strong>unde</strong></span> <span class='ocrx_word' id='word_1_293' title='bbox 665 3464 733 3514; x_wconf 89' lang='lat' dir='ltr'><strong>fiunt</strong></span> <span class='ocrx_word' id='word_1_294' title='bbox 752 3461 784 3533; x_wconf 51' lang='grc' dir='ltr'><strong>ἦ</strong></span> <span class='ocrx_word' id='word_1_295' title='bbox 796 3462 830 3528; x_wconf 80' lang='lat' dir='ltr'><strong>-l-</strong></span> <span class='ocrx_word' id='word_1_296' title='bbox 841 3463 885 3532; x_wconf 72' lang='lat' dir='ltr'><strong>ab·</strong></span> <span class='ocrx_word' id='word_1_297' title='bbox 921 3462 1073 3528; x_wconf 74' lang='lat' dir='ltr'><strong>copiosius</strong></span> 
     </span>
     <span class='ocr_line' id='line_1_39' title="bbox 138 3529 1126 3600; baseline 0.006 -27"><span class='ocrx_word' id='word_1_298' title='bbox 138 3541 247 3576; x_wconf 82' lang='lat' dir='ltr'><strong>omnem</strong></span> <span class='ocrx_word' id='word_1_299' title='bbox 276 3529 418 3581; x_wconf 87' lang='lat' dir='ltr'><strong>rationem</strong></span> <span class='ocrx_word' id='word_1_300' title='bbox 452 3534 566 3600; x_wconf 83' lang='lat' dir='ltr'><strong>exponit</strong></span> <span class='ocrx_word' id='word_1_301' title='bbox 601 3532 756 3600; x_wconf 83' lang='lat' dir='ltr'><strong>multisque</strong></span> <span class='ocrx_word' id='word_1_302' title='bbox 791 3532 926 3597; x_wconf 78' lang='lat' dir='ltr'><strong>exemplis</strong></span> <span class='ocrx_word' id='word_1_303' title='bbox 951 3530 1085 3580; x_wconf 67' lang='lat' dir='ltr'><strong>illustret.</strong></span> <span class='ocrx_word' id='word_1_304' title='bbox 1115 3588 1126 3597; x_wconf 26' lang='grc' dir='ltr'>ἱ</span> 
     </span>
    </p>
   </div>
   <div class='ocr_carea' id='block_1_4' title="bbox 0 0 1194 3930">
    <p class='ocr_par' dir='ltr' id='par_1_6' title="bbox 0 0 1194 3930">
     <span class='ocr_line' id='line_1_40' title="bbox 0 0 1194 3930; baseline 0 0"><span class='ocrx_word' id='word_1_305' title='bbox 0 0 1194 3930; x_wconf 95' lang='lat' dir='ltr'><strong> </strong></span> 
     </span>
    </p>
   </div>
  </div>
 </body>
</html>
