2378 3930
490 200 680 242 Pnnnranro.
1006 194 1046 242 lx

125 341 198 395 nime
215 347 304 394 tamen
320 339 433 395 meliore
449 337 572 411 exemplo
594 353 675 410 quam
697 353 786 410 nuper
800 336 948 392 Christium
963 354 1046 393 usum

125 441 195 479 esse.

192 506 261 564 120.
286 506 418 563 Carminis
441 507 473 561 de
494 504 661 580 ponderibus
684 505 768 560 codex
788 503 952 578 archetypus
973 508 1046 580 ipse‚.

126 592 199 647 unde
216 607 311 647 omnes
328 593 414 647 nostri
430 591 494 646 libri
510 591 703 663 manuscripti
720 589 834 645 derivati
852 597 931 659 sunt,
954 598 997 646 tot
1017 600 1045 646 et

128 684 181 732 tam
204 675 331 748 gravibus
353 676 456 731 mendis
482 674 641 748 inquinatus
667 674 735 744 luit,
763 680 809 745 nt,
836 674 942 729 etiamsi
967 672 1047 730 illum·

126 760 226 816 librum
249 762 276 814 in
298 760 423 816 manibus
445 760 623 829 haberemus,
649 757 776 832 plurimis
803 765 892 813 tamen
917 758 986 815 locis
1012 760 1045 814 de

126 844 244 918 genuina
259 844 395 917 scriptura
410 844 544 900 dubitatio
559 844 769 916 relinqueretur.
801 843 854 897 lam
866 859 931 898 vero
948 858 978 897 er
993 842 1046 898 lroc

128 930 206 1001 quasi
224 930 330 1001 impuro
354 930 431 984 sonte
453 928 588 983 turbatior
608 927 689 983 etiam
705 926 810 982 rivulus
824 925 936 981 delinxit
954 928 983 982 in
1000 944 1046 982 eo·

127 1013 213 1069 dicem
236 1012 312 1067 illum
335 1014 422 1068 octavi
441 1012 556 1082 saeculi,
575 1012 640 1068 olim
656 1011 833 1080 Bobiensem,
856 1028 930 1067 nune
946 1010 1045 1066 Vindo-

127 1097 292 1167 boneusem‚
308 1099 385 1153 cuius
404 1099 567 1171 scripturam
588 1098 615 1151 in
631 1096 718 1151 lucem
735 1096 851 1170 protulit
866 1094 1045 1152 llndlieherus

128 1177 266 1251 (Prisciani
289 1183 611 1254 grammatici-carmina.
638 1180 752 1236 Vindob.
770 1177 872 1250 1828).
912 1180 978 1234 Nam
1001 1197 1068 1234 en·-

127 1273 219 1321 aratus
236 1273 279 1320 est
293 1268 316 1320 is
337 1267 421 1322 codex
442 1283 553 1339 magna,
580 1274 611 1321 ut
631 1266 752 1333 videtur,
775 1262 909 1319 scribendi
934 1264 1045 1319 festina-

128 1352 202 1405 tione
226 1350 258 1404 ab
280 1352 388 1406 homine
411 1351 553 1407 admodum
577 1350 672 1423 ignoro
694 1359 776 1422 atque
795 1348 971 1420 indiligente‚
999 1349 1043 1421 qui

127 1452 181 1489 non
198 1435 287 1489 solum
303 1435 448 1490 oscitantia
463 1436 580 1509 plurima
597 1437 759 1507 peccaverit,
776 1433 825 1488 sed
840 1434 931 1504 etiam,
951 1448 1046 1505 quam·

127 1520 167 1573 vis
184 1521 226 1573 vix
240 1518 334 1574 Latina
351 1522 451 1589 sciret,
472 1520 637 1592 aliquotiens
657 1536 687 1573 ea
704 1534 772 1591 quae
790 1518 816 1571 in
833 1518 982 1591 archetypo
999 1525 1046 1571 aut

127 1620 182 1658 non
205 1603 331 1658 distincte
358 1613 405 1659 aut
427 1604 585 1678 perturbate
611 1605 712 1676 scripta
739 1609 831 1657 essent
855 1619 905 1674 pro
930 1600 1046 1656 arbitrio

129 1688 271 1742 mutaverit
292 1686 362 1759 (vide
379 1706 439 1744 oum
458 1689 526 1745 alios
541 1682 617 1745 locbs
634 1695 690 1743 tum
706 1705 744 1741 vs.
761 1686 816 1742 33:
839 1703 924 1757 quom
941 1686 1045 1741 dicere

129 1773 264 1840 duellam,
279 1772 333 1828 76:
349 1775 404 1828 boc
416 1778 443 1829 sa·
457 1773 554 1843 boton,
567 1772 642 1827 112:
658 1773 822 1826 modulatus
837 1787 888 1824 suo
901 1786 958 1842 per
974 1786 1045 1839 esse,

130 1856 206 1912 133:
230 1862 294 1928 quis
312 1861 406 1911 ma'uor
427 1857 560 1930 arpenti).
598 1857 742 1912 Praetereo
767 1873 799 1910 ex
823 1856 972 1928 archetypo
999 1854 1044 1910 alii

131 1941 193 1995 libri
209 1943 312 1996 maiore
328 1959 388 1996 cum
404 1959 469 1997 cura
485 1951 512 1996 et
523 1959 537 1996 a
549 1940 726 2012 peritioribus
744 1939 898 1994 bominibus
916 1938 1046 2011 descripti

128 2032 193 2080 suut
216 2027 290 2097 iique
312 2026 339 2078 in
365 2027 498 2080 variorum
526 2025 764 2096 grammaticorum
790 2038 884 2076 manus
904 2031 1047 2091 venerunt,

128 2112 176 2181 qui
195 2110 360 2163 coniecturis
377 2118 404 2164 et
420 2117 566 2182 corruptos
582 2108 659 2162 locos
674 2115 716 2176 et,
733 2116 763 2162 ut
781 2105 840 2162 lieri
854 2106 941 2176 solet,
963 2107 1044 2161 etiam

129 2197 253 2263 integros
276 2200 421 2249 tentarent.
452 2193 516 2249 lude
537 2199 605 2266 quot
629 2191 687 2246 lere
715 2198 780 2246 sunt
807 2188 914 2247 codices
935 2197 1047 2264 praeter

128 2276 301 2347 Bobiensem,
319 2285 361 2332 tot
377 2278 478 2333 formas
495 2277 626 2334 habemus
642 2276 723 2331 huius
740 2277 866 2331 carminis
883 2293 897 2330 a
913 2291 1047 2347 gramma·

130 2363 191 2416 ticis
210 2361 309 2434 partim
326 2361 477 2435 depravati;
494 2362 593 2436 quibus
608 2360 686 2415 libris
702 2361 805 2416 accedit
827 2360 913 2433 ipsius
928 2359 1045 2415 llobieu·

129 2447 165 2500 sis
188 2446 323 2519 scriptura
345 2449 462 2503 secunda
485 2465 514 2503 ac
536 2446 633 2515 tertia,
657 2453 772 2518 utraque
793 2461 825 2499 ex
847 2445 941 2500 eodem
962 2443 1046 2500 inter·

129 2530 297 2603 polotionum
313 2547 414 2602 genere
432 2540 501 2587 orta.
530 2530 614 2586 Nobis
633 2532 660 2584 iu
677 2529 843 2585 recensendo
858 2530 911 2583 lroc
928 2530 1045 2584 carmine

130 2631 240 2670 necesse
257 2616 342 2670 visum
359 2623 401 2670 cst
417 2616 533 2689 primum
550 2631 643 2669 omnes
660 2614 799 2669 bobiensis
817 2612 879 2667 libri
895 2612 1046 2685 scripturas
1066 2656 1070 2661 .

129 2698 272 2767 adnotare,
290 2715 359 2771 quae
375 2699 447 2773 apud
461 2699 652 2755 Eudlicberum
669 2701 741 2752 inter
758 2697 878 2770 reliquas
893 2696 1046 2752 adnotatio·

129 2800 177 2839 ues
194 2783 333 2858 dispersae
354 2800 409 2839 non
431 2786 466 2838 ita
488 2786 515 2838 in
532 2783 674 2839 oculorum
690 2782 817 2837 obtutum
832 2780 946 2849 cadunt,
967 2788 998 2835 ut
1019 2787 1047 2834 et

129 2869 229 2923 codicis
245 2869 394 2923 auctoritas
410 2875 437 2922 et
453 2869 562 2923 criticae
577 2869 644 2922 artis
660 2867 729 2922 ratio
749 2866 873 2939 requirit.
904 2865 1047 2920 Praeterea

130 2952 242 3007 alterius
259 2953 363 3007 lormae
380 2969 460 3024 quam
477 2952 667 3025 interpolatam
685 2951 800 3006 diximus
818 2951 954 3024 specimen
969 2965 1047 3022 prae·

129 3036 236 3091 buimus
252 3053 283 3090 ex
301 3035 519 3108 Guellerlrytonis
538 3036 644 3090 duobus
659 3035 799 3103 (luidonis,
815 3035 901 3090 altero
921 3032 992 3104 132,
1009 3031 1047 3087 al·

129 3128 189 3175 tero
209 3120 249 3176 64
265 3120 393 3192 (utroque
410 3120 521 3176 membr.
539 3136 609 3175 saec.
625 3119 647 3173 X
665 3121 691 3174 in
707 3118 748 3189 4),
768 3136 837 3191 quos
853 3116 939 3173 libros
954 3117 1047 3172 admo·

129 3204 192 3259 dum
214 3205 392 3276 neglegenter
409 3204 472 3259 olim
488 3222 503 3259 a
518 3202 706 3259 Wernsdoriio
728 3202 864 3258 adhibitos
885 3218 937 3275 ogo
956 3201 1046 3256 denuo

129 3305 191 3346 cum
204 3282 357 3345 Endliclieri
374 3290 494 3344 editione
508 3288 622 3344 contuli.
656 3285 809 3358 significavi
825 3287 985 3342 Bobiensem
1001 3302 1048 3341 co·

129 3374 216 3429 dicem
231 3375 322 3430 littera
340 3372 364 3428 A
385 3373 509 3448 (primam
526 3375 584 3429 eius
601 3390 708 3428 manum
725 3365 771 3441 Αἱ,
787 3372 932 3429 secundam
948 3380 976 3426 et
992 3378 1047 3424 ter·

130 3458 193 3514 tiam
209 3455 246 3513 Α2
262 3466 290 3514 et
306 3453 363 3529 ΑΒ),
381 3467 436 3514 tum
454 3459 602 3513 Gudianum
618 3458 736 3531 priorem
754 3457 787 3525 B,
806 3457 922 3513 alterum
939 3456 969 3517 C.
999 3453 1046 3507 llis

128 3543 268 3601 codicibus
290 3544 388 3599 addere
409 3551 534 3617 poteram
553 3543 706 3598 Parisiuum
730 3542 809 3598 7211
837 3541 870 3596 ab
893 3538 1046 3610 Angelonio
