2378 3930
169 172 212 239 66
456 190 586 237 vonusu
606 189 759 233 metm
1006 168 1087 253 [115]

169 346 208 389 ne
235 328 356 407 quinne
383 324 505 406 quidem
532 332 583 385 aut
602 342 713 386 nomen
733 324 889 404 proprium
911 332 962 385 aul
983 332 1085 385 numm

170 427 296 497 habene
319 428 377 489 iam
393 445 464 488 veru
479 428 582 489 tertias
596 427 733 497 irienies,
756 434 877 505 quartas
894 424 1085 505 quadrantes.

168 532 245 591 sicut
272 528 461 591 duodecimas
488 530 592 590 uncias
619 528 718 587 vocari
746 536 897 588 ostensum
925 536 979 588 est.
1003 524 1086 607 [41]

168 630 245 691 inira
281 630 335 691 lias
370 637 487 691 ceterae
522 647 615 708 usque
648 636 761 689 sexlam
789 626 935 689 decimam
963 630 1087 689 nominc

134 732 291 811 sprupriu
320 738 448 811 notaque
472 738 588 799 earcnl3
617 729 671 790 sed
692 739 774 790 seria
797 729 910 790 decima
933 730 1084 791 semuncia

168 832 297 895 sicilicus
324 832 455 901 dicetur,
485 850 552 893 nam
581 830 710 892 sedecim
738 832 905 893 semunciae
927 838 995 891 uciu
1017 839 1086 891 sunt

169 936 289 1004 unciae,
312 934 441 995 sedecim
463 932 567 993 sicilici
582 942 720 1011 quattuor
735 934 839 995 unciae
855 933 943 1003 liunt,
965 934 1086 993 iunctae

169 1036 263 1096 unciis
291 1043 359 1095 octe
387 1052 483 1096 assem
511 1033 650 1114 implent:
683 1036 808 1114 septima
836 1034 949 1095 decima
977 1032 1086 1094 deinde

167 1138 321 1198 interiecta
349 1138 469 1197 numine
495 1144 624 1214 solaque
647 1144 743 1197 carel:
774 1145 875 1197 octava
898 1135 1012 1197 decima
1034 1152 1085 1194 ru-

117 1243 150 1291 1⁰
168 1236 282 1299 cabitur
305 1237 456 1297 semuncia
478 1235 606 1305 sextula,
629 1255 698 1297 uam
721 1236 778 1298 liae
800 1237 900 1298 decies
922 1238 1013 1298 octies
1030 1235 1085 1297 ‹lu-

168 1348 232 1400 ctae
260 1356 355 1399 assem
383 1336 530 1399 cilicium:
561 1334 641 1418 [42]
665 1347 732 1416 pusi
759 1338 813 1399 has
835 1340 995 1399 inferiores
1016 1355 1085 1416 par·

167 1449 220 1509 tes,
236 1448 359 1518 exceptu
380 1440 546 1507 semuncia,
570 1438 685 1500 duabus
707 1439 844 1510 sextulis,
867 1438 994 1507 sicilico,
1017 1457 1085 1499 sex·

168 1540 244 1611 cula,
268 1540 386 1601 dimidia
409 1539 530 1610 sextula,
553 1540 706 1618 scriplulo,
729 1560 827 1620 neque
849 1539 991 1602 vocabula
1013 1558 1085 1620 pro-

167 1644 231 1719 pria
255 1660 352 1722 neque
373 1650 459 1704 nolas
481 1641 601 1703 habent.
622 1640 695 1723 [43]
712 1644 882 1713 centesima,
905 1661 981 1723 quae
1004 1660 1085 1703 cum·

119 1750 150 1797 15
168 1742 247 1803 mulli
275 1752 325 1804 aul
352 1760 509 1804 usurarum
539 1745 658 1804 numine
681 1743 718 1804 ad
741 1752 851 1806 sortem
875 1743 1084 1824 applicaretur,

167 1844 291 1905 solebat
304 1844 377 1906 olim
391 1844 518 1915 sicilico,
541 1846 570 1907 iel
587 1845 666 1906 cle
685 1864 807 1913 averso,
831 1866 865 1907 eo
888 1845 983 1907 nutari
1005 1843 1084 1923 quod

167 1966 234 2007 euni
264 1948 286 2007 C
314 1954 433 2008 centum
467 1947 660 2025 significaret,
695 1948 924 2008 convertebatur
952 1946 989 2007 acl
1018 1965 1084 2007 eam

166 2067 326 2120 suimnam,
355 2050 440 2110 cuius
469 2049 629 2109 centesima
652 2047 749 2107 lutura
780 2054 857 2117 erut,
887 2059 916 2108 et
942 2050 1085 2109 sisenna

168 2158 359 2220 curnenerut,
394 2168 471 2211 uinus
500 2149 642 2219 sicilicus,
677 2151 736 2210 sive
764 2148 881 2226 plures,
912 2159 955 2210 tol
983 2148 1085 2210 sicilici

116 2256 148 2303 20
167 2252 362 2327 puuclmuiur.

232 2348 313 2429 [44]
331 2350 412 2409 Sicul
434 2361 531 2411 aulem
556 2352 628 2410 assis
650 2349 808 2430 appellatio
831 2351 867 2411 ael
891 2370 992 2412 rerum
1015 2350 1085 2411 suli·

167 2452 271 2511 cicurum
288 2450 516 2531 licrellilalisque
533 2453 630 2520 lulius,
653 2452 754 2512 divisio
771 2459 868 2512 aulem
885 2456 948 2513 eius
963 2453 1000 2514 ed
1015 2470 1084 2531 pac·

168 2556 240 2611 lium
258 2552 538 2613 deniuiistralionem
553 2555 697 2630 pertinet,
715 2557 755 2614 ila
772 2555 857 2614 eiiam
875 2555 911 2615 acl
926 2557 1083 2632 pecuniam

166 2664 349 2715 numeratum
373 2653 516 2725 celentur,
545 2673 620 2733 quae
644 2653 712 2715 olim
734 2657 765 2714 iu
788 2675 857 2716 aere
881 2664 959 2727 erat,
981 2664 1084 2734 postca

114 2758 147 2805 ’ὲὺ
169 2766 197 2815 cl
220 2758 250 2815 in
274 2764 395 2835 argento
418 2757 500 2817 leciri
524 2759 622 2835 coepit
644 2758 699 2827 ila,
723 2765 754 2817 ul
770 2758 864 2818 omnis
880 2775 1020 2819 nummus
1036 2775 1084 2817 ar·

165 2868 288 2933 guuleus
317 2874 351 2917 ex
385 2875 509 2918 numeru
539 2860 615 2918 ueris
643 2866 818 2937 puleslatem
843 2858 976 2920 haberet.
1003 2856 1084 2939 [45]

166 2976 200 3016 cu
218 2959 247 3015 in
264 2976 388 3019 numeru
405 2968 472 3019 suni
494 2960 523 3019 hi
546 2962 678 3038 ui·genlei
701 2962 828 3020 nummi:
852 2961 1008 3030 denarius,
1032 2979 1083 3020 cu·

163 3060 208 3117 ius
231 3068 275 3119 csl
298 3069 364 3119 riola
386 3060 426 3130 il,
450 3062 616 3139 (pullianus,
649 3063 732 3122 cuius
754 3072 799 3122 est
821 3070 888 3122 nola
910 3068 960 3134 ἧς·
976 3068 1084 3123 sester-

165 3161 236 3227 lius,
262 3162 343 3221 cuius
366 3170 435 3222 riola
460 3169 504 3222 est
528 3159 587 3226 iis.
623 3164 791 3224 victoriatus
815 3167 892 3224 enim
916 3181 995 3224 nunc
1018 3170 1082 3223 lan·

113 3264 147 3309 3⁰
165 3260 286 3321 inuelem
310 3262 385 3323 valet
407 3274 549 3343 ιμιιιιιῑιιιιι
573 3266 739 3341 ‹prinarius3
764 3265 833 3325 olim
856 3274 887 3325 ui
907 3266 1083 3343 peregrinus

232 3468 271 3515 lli.
299 3464 408 3515 nolebas
433 3466 498 3515 olim
521 3469 582 3517 ιιιίιί.
606 3467 652 3517 ,lin
755 3469 797 3519 23.
822 3462 917 3532 eliam]
947 3474 975 3517 et
1000 3466 1083 3518 cho‘

146 3554 190 3599 30,
214 3548 257 3616 ul]
274 3558 304 3605 ul
325 3552 351 3619 43
373 3568 407 3605 uc
424 3550 473 3603 lla
