2386 3960
128 216 173 282 44
475 213 655 272 rompono
672 214 799 270 naono

129 378 285 445 Paestum
304 378 468 463 oppidum,
483 377 607 445 Silarus
627 378 743 461 amnia,
756 376 912 457 Picentia,
930 376 1048 443 Petrae
1063 398 1147 463 quaa

128 466 256 535 Sirenes
288 467 494 550 habitarunt,
525 465 692 532 Minervae
724 467 1002 550 promunturium,
1033 469 1149 535 omnia

77 574 109 622 uo
128 555 291 623 Lucaniae
318 556 405 639 loou3
433 555 524 623 sinus
550 554 765 639 Puteolanus,
793 552 1001 638 Syrrentum,
1024 553 1148 623 Hereu-

128 643 431 728 laneum-Vesuvii
445 643 576 711 ‚montis
599 643 783 728 adspectus,
805 642 955 727 Pompei,
978 642 1148 729 Neapolis,

129 732 272 817 Puteoli,
298 733 390 799 laeua
413 731 570 801 Luerinus
594 736 627 797 et
649 731 812 815 Auernus,
838 730 954 814 Baiae,
976 731 1148 818 Misenum,
1173 751 1185 793 s

130 820 165 886 id
185 843 271 887 nuno
294 821 360 889 loei
379 820 558 905 aliquando
574 819 713 905 Phrygii
731 819 847 886 militis
864 840 993 903 nomen,
1016 818 1148 906 Cumae,

129 909 307 993 Liternum,
319 909 500 977 Volturnus
515 909 632 992 amnis,
644 907 843 975 Volturnum
857 908 1024 992 oppidum,
1042 931 1148 976 amoe·

76 1017 108 1065 71
129 1020 172 1063 na
209 995 411 1082 Campaniae
445 997 564 1080 litora,
602 994 775 1081 Sinoessa‚
810 995 916 1080 Liris,
951 995 1148 1082 Minturnae,

127 1085 291 1168 Formiae,
320 1085 439 1170 Fundi,
470 1085 660 1169 Tarracina,
688 1083 799 1153 Circes
824 1085 939 1152 domus
972 1085 1146 1170 aliquando

129 1172 264 1257 Circeia,
276 1173 424 1257 Antium,
435 1172 679 1258 Aphrodisium,
692 1172 810 1257 Ardea,
822 1171 1035 1258 Laurentum,
1051 1174 1146 1241 Ostia
1159 1192 1184 1237 rr

76 1282 108 1330 un
129 1263 212 1328 eitra
230 1262 431 1345 Tiberimin
455 1263 517 1329 hoo
539 1263 641 1329 latere
665 1266 750 1329 sunt.
795 1263 883 1329 ultra
899 1262 1013 1348 Pyrgi,
1034 1261 1148 1347 Minio,

130 1348 282 1417 Castrum
299 1373 430 1429 novum,
448 1349 633 1435 Graviscae,
656 1347 751 1434 Cosa,
770 1349 939 1433 Telamon,
955 1349 1147 1435 Populonia,

128 1437 257 1523 Ceoina‚
279 1438 385 1523 Pisae,
402 1440 543 1508 Etrusca
562 1443 595 1505 et
612 1440 685 1505 loea
703 1442 737 1502 et
753 1438 902 1523 flumina,
920 1438 1036 1506 deinde
1055 1439 1148 1506 Luna

128 1526 286 1611 Ligurum
308 1532 342 1593 et
360 1527 491 1614 Tigulia
513 1533 547 1593 et
566 1527 679 1595 Genua
697 1529 731 1593 et
749 1525 884 1593 Sabatia
907 1530 941 1592 et
962 1527 1146 1614 Albingau-

127 1638 221 1702 num;
237 1620 308 1685 tum
325 1616 430 1686 Paulo
450 1621 483 1683 et
499 1616 625 1682 Varum
643 1616 777 1683 flumina
795 1619 932 1700 utraque
950 1616 993 1681 ab
1007 1615 1147 1701 Alpibus
1161 1634 1186 1679 rs

129 1705 274 1789 delapsa,
292 1705 349 1773 sed
361 1705 489 1773 Varum
507 1706 584 1790 quia
602 1703 737 1770 Italiam
753 1704 827 1770 finit
846 1705 1014 1788 aliquanto
1027 1707 1148 1771 notius.

76 1813 108 1862 73
128 1792 231 1876 Alpes
258 1793 351 1878 ipsae
378 1795 419 1860 ab
447 1794 499 1860 his
527 1793 680 1860 litoribus
707 1793 807 1878 louge
838 1793 968 1877 lateque
1000 1793 1148 1878 diffusae,

128 1882 234 1965 primo
250 1882 293 1948 ed
306 1884 563 1966 septentrionem
577 1902 697 1967 magno
711 1881 815 1965 gradu
829 1885 1017 1966 exeummt,
1031 1882 1147 1951 deinde

129 1971 186 2035 ubi
209 1968 419 2037 Germaniam
441 1971 643 2058 adtigerunt,
669 1990 764 2037 verso
790 1970 903 2053 inpetu
929 1971 965 2035 in
987 1971 1149 2037 orientem

130 2060 266 2143 abeunt,
302 2061 535 2145 diremptisque
572 2059 704 2144 populis
740 2059 945 2141 inmanibus,
977 2080 1081 2144 usque
1112 2060 1187 2125 ine

130 2147 303 2215 Thraoiam
325 2153 506 2232 penetrant.

89 2220 110 2282 5
219 2235 328 2303 Gallia
349 2237 515 2306 Lemanno
543 2237 617 2301 laeu
645 2240 679 2303 et
702 2234 896 2302 Cebennicis
923 2235 1089 2306 montibus
1112 2236 1148 2303 in

77 2295 110 2344 74
130 2324 193 2388 duo
221 2324 328 2390 latera
354 2325 472 2408 divisa,
501 2329 600 2409 atque
627 2324 729 2390 altero
758 2324 900 2393 Tuscum
926 2324 1062 2408 pelagus
1091 2325 1147 2390 ad·

129 2413 261 2496 tingens
283 2413 387 2479 altero
412 2434 577 2497 oceanum,
600 2413 653 2479 hio
677 2436 698 2479 a
719 2412 809 2478 Varo
832 2412 903 2478 illie
927 2410 1081 2479 altheno
1105 2413 1147 2479 ad

128 2500 333 2584 Pyrenaeum
356 2523 458 2586 usque
480 2503 691 2585 permittitur.
734 2522 812 2586 pars
834 2500 959 2568 Nostro
982 2502 1067 2573 mari
1090 2502 1145 2568 ad·
1160 2520 1187 2565 a

129 2590 237 2673 posita
255 2589 336 2673 (fuit
358 2591 533 2675 aliquando
556 2589 698 2657 Bracata
725 2610 811 2656 nuno
834 2587 1074 2675 Narbonensis)
1096 2594 1148 2656 est

130 2678 235 2762 magia
264 2679 352 2745 culta
376 2683 411 2745 et
437 2679 545 2764 magis
572 2681 699 2746 oonsita
725 2679 863 2762 ideoque
890 2678 992 2744 etiam
1019 2678 1145 2745 laetior.

77 2784 110 2834 75
129 2767 259 2831 urbium
283 2789 364 2850 quas
386 2768 487 2834 habet
510 2768 778 2852 opulentissimae
801 2770 879 2832 sunt
896 2766 999 2833 Vasio
1018 2766 1145 2832 Voeon-

202 2930 225 2980 1.
245 2926 371 2993 prestum
388 2924 417 2978 A
434 2923 566 2978 Paestum
584 2941 601 2978 o
672 2931 697 2979 3.
716 2931 742 2978 4.
761 2923 978 2984 herculanarum
996 2923 1024 2978 A
1042 2923 1146 2978 Hereu-

128 2995 241 3050 laneum
258 3013 276 3050 o
346 3003 372 3049 4.
395 2993 546 3064 adspectus
564 2994 605 3048 A¹
624 2995 755 3064 aspectus
773 2993 814 3048 A’
886 3001 912 3051 t.
931 2996 961 3049 et
979 3009 1098 3049 avernus
1119 2995 1147 3047 A

129 3068 246 3131 (litteras
273 3068 303 3121 et
327 3081 394 3121 aver
421 3067 485 3121 aad,
513 3064 554 3119 A²
581 3067 614 3120 ira
640 3068 732 3136 spatio
758 3068 855 3134 omae)
928 3073 953 3121 9.
977 3064 1080 3120 fannia
1106 3065 1148 3119 A¹

129 3135 247 3191 formiae
260 3136 302 3191 ΑΒ
353 3135 489 3191 amditA
503 3135 624 3191 Fundio
697 3135 912 3193 renodatam
925 3135 967 3189 A¹
981 3135 1147 3191 afrodisium

129 3207 169 3263 A*
243 3215 284 3263 11.
308 3207 374 3262 anio
397 3207 425 3261 A
448 3207 537 3262 Minio
562 3208 705 3265 Cluentus
782 3213 823 3262 12.
847 3207 1004 3277 grabusoae
1025 3207 1053 3261 A
1076 3207 1144 3262 Gra·

129 3279 224 3334 uiseae
236 3279 384 3337 Barbarae
439 3285 480 3335 13.
495 3278 647 3333 nominaA
660 3277 775 3333 flumina
790 3278 934 3335 Cluverius
989 3284 1030 3334 14.
1045 3276 1147 3348 ligulis

129 3350 157 3403 A
185 3349 297 3419 Tigulia
328 3367 348 3404 re
432 3355 473 3404 14.
502 3355 543 3406 15.
577 3350 776 3406 albinoaunum
802 3349 830 3405 A
913 3355 955 3404 19.
983 3348 1146 3419 attigerunt

128 3422 170 3545 ἔ
192 3420 351 3548 ἷηίςεωιή
373 3419 414 3475 A¹
491 3426 533 3476 25.
556 3436 709 3489 pyreneum
732 3422 760 3474 A
832 3426 876 3478 28.
899 3435 984 3475 vasco
1008 3421 1037 3475 A
1059 3419 1147 3475 Vasio

158 3508 191 3548 ar
208 3508 276 3547 arus
