2378 3930
106 211 173 268 VIII
511 207 719 265 PRAEFATIO

105 357 174 421 vire
202 357 326 440 potest,
355 374 393 418 ex
421 375 484 439 quc
513 356 637 419 ceteros
665 374 777 418 omnes
804 374 955 419 manasse
982 353 1124 420 Bursian

106 445 128 509 l.
145 444 167 509 1.
187 442 332 528 apprime
356 442 520 527 sagaciter
538 441 644 509 evicit
681 440 776 518 Quod
798 442 871 508 cum
895 464 914 506 a
932 440 1037 508 Melae
1057 443 1122 508 edi·

105 532 233 598 toribus
255 531 305 596 ita
326 531 512 616 neglectum
537 551 606 596 esse
629 530 788 614 uiderem,
815 535 852 597 ut
879 534 1008 614 praeter
1029 530 1122 597 Vati·

106 643 224 687 canum
246 619 340 686 illum
362 619 504 703 reliquos
528 621 639 703 aperte
657 618 873 702 interpolatos
891 619 1017 685 codices
1039 623 1122 685 tam·

106 731 204 794 quam
219 731 259 774 ex
274 709 451 792 archetypo
466 711 499 775 et
509 706 599 791 ipsos
613 707 777 773 derivatos
787 708 989 792 adhiberent,
1003 730 1122 774 novam

107 797 284 864 editionem
303 797 479 863 curandam
496 795 641 876 institui,
660 817 733 860 cum
746 797 942 880 praesertim
956 796 1122 864 Gustauus

107 887 265 971 Parthey,
287 883 530 952 recentissimus
554 884 667 967 editor,
691 886 910 951 emendatoris
934 884 1042 952 officio
1065 908 1121 970 pa·

105 999 178 1041 rum
201 976 333 1041 functus
357 973 410 1039 sit.
418 970 457 1061 ¹⁰)

173 1063 435 1130 Fundamentum
452 1062 554 1147 igitur
571 1061 668 1127 huius
683 1061 834 1129 editionis
849 1066 899 1128 est
917 1062 1016 1128 codex
1030 1062 1122 1133 Vati·

105 1175 205 1219 canus
223 1152 311 1218 4929
335 1173 417 1217 saec.
435 1149 479 1235 X,
503 1150 746 1217 accuratissime
769 1151 810 1217 ab
832 1151 1016 1236 Augusto
1034 1150 1122 1217 Mau

106 1242 212 1307 denuo
238 1241 275 1307 in
297 1260 406 1306 meum
433 1260 528 1304 usum
551 1261 716 1324 excussus3
745 1262 809 1324 quc
837 1240 876 1305 de
905 1239 1013 1306 codice
1039 1261 1122 1325 quae

106 1330 260 1395 disseruit
278 1328 448 1412 Adelphus
466 1326 636 1394 Michaelis
643 1325 684 1415 11)
702 1329 814 1412 paucis
833 1328 1015 1414 supplenda
1036 1331 1123 1394 sunt.

172 1416 285 1503 Neque
315 1416 401 1482 enim
431 1416 530 1483 ceteri
560 1437 666 1503 neque
693 1416 863 1482 Michaelis
896 1416 977 1483 satis
1010 1416 1122 1503 digno-

106 1510 235 1591 verunt,
267 1504 410 1572 codicem
442 1504 585 1571 secunda
616 1508 649 1570 et
677 1505 777 1572 tertia
808 1528 908 1571 manu
939 1509 1121 1572 correctum

107 1616 190 1675 esse,
222 1616 360 1680 quarum
391 1593 476 1659 hanc
506 1594 633 1678 primae
665 1594 775 1660 manui
798 1597 1124 1678 contemporaneum,

105 1683 197 1749 illam
220 1683 342 1749 saeculi
363 1681 428 1747 XII
451 1704 522 1748 esse
544 1682 714 1767 Augustus
736 1681 814 1748 Mau
836 1686 986 1749 testatur.
1033 1683 1122 1765 Quae

106 1794 179 1838 cum
197 1770 245 1837 ita
267 1772 347 1854 sint,
371 1773 448 1835 ante
470 1770 582 1837 omnia
605 1792 688 1855 qnae
711 1770 755 1837 sit
776 1772 861 1836 inter
885 1772 1031 1857 singulas
1054 1793 1121 1836 ma-

106 1882 169 1926 nus
192 1860 277 1927 ratic
300 1858 565 1945 perpendendum
588 1862 647 1925 est.

172 1949 282 2034 Atque
314 1946 624 2032 si·perlustraveris
659 1949 928 2014 commentarium
966 1948 1122 2034 criticum,

104 2037 200 2104 facile
227 2036 399 2121 intelleges
425 2036 584 2103 secimdae
611 2058 726 2102 manus
756 2038 948 2122 scriptorem
980 2037 1122 2102 codicem

105 2148 210 2213 neque
238 2147 277 2192 ex
298 2125 431 2211 ingenio
457 2148 561 2212 neque
590 2146 629 2191 ex
653 2125 767 2192 eodem
790 2148 853 2211 quo
876 2149 954 2192 usus
984 2129 1034 2192 est
1056 2125 1122 2210 pri-

106 2237 179 2281 mae
202 2236 318 2280 manus
342 2213 483 2298 scriptor
506 2215 684 2299 exemplari
702 2214 903 2299 emendasse,
925 2216 1026 2279 immo
1050 2235 1122 2298 spe-

105 2303 246 2369 raverim
267 2302 338 2369 fore
363 2305 401 2367 ut
424 2322 550 2368 mecum
577 2303 616 2368 de
638 2302 698 2367 tali
721 2306 893 2368 stemmate
922 2304 1122 2367 consentias:

182 3500 226 3570 10)
244 3519 271 3556 v.
290 3490 410 3556 Bursian
425 3501 446 3557 l.
464 3501 483 3557 l.
502 3519 530 3571 p.
550 3507 611 3557 629.
684 3501 729 3571 11)
747 3518 793 3571 ap.
811 3500 933 3571 Parthey
950 3520 978 3571 p.
997 3501 1023 3556 X
1040 3517 1102 3570 sqq.
