2378 3930
360 178 535 239 EDITORIS
553 178 768 236 PRAEFATIO.
1020 178 1071 232 XV

57 348 141 412 quae
173 325 288 390 relicta
320 329 411 390 erant
445 325 547 388 moles
580 325 665 389 ultro
702 325 895 408 prouocauit
927 324 1073 389 uirorum

57 416 227 480 doctorum
260 435 367 493 ouras,
398 412 439 477 H.
464 412 597 498 Sauppii
631 412 752 496 (Goett.
781 412 849 477 Gel.
879 413 955 477 Anu.
986 413 1070 479 1867

55 526 87 588 p.
106 503 192 568 1992
208 498 300 587 sqq),
323 501 364 566 H.
380 500 515 566 Useneri
538 506 572 565 et
594 500 633 568 B.
648 501 819 565 Dombarti
842 508 875 565 et
897 501 922 566 l.
943 501 1072 586 Maehly

58 591 228 676 (Fleckeis.
249 613 323 654 ann.
339 591 424 655 1869
449 615 477 675 p.
493 591 558 655 393
573 587 669 676 sqq),
690 590 727 654 Ε.
745 589 957 654 Klussmanni
977 587 1072 676 (mus.

56 680 158 746 Rhen.
183 701 212 744 a.
234 679 317 744 1868
346 702 377 762 p.
400 678 466 744 543
490 685 523 743 et
547 679 653 743 Philol
685 677 813 743 XXXV
837 702 867 762 p.
890 679 956 743 206
980 677 1073 764 sqq),

56 768 98 833 H.
123 771 163 834 A.
185 766 305 832 Koohii
329 772 424 851 (mus.
448 767 550 833 Rhen.
575 768 709 833 a.1873
732 790 761 850 0.
783 768 850 832 615
869 769 965 852 sqq),
993 769 1072 832 alio·

56 880 138 921 rum.
180 878 276 940 porro
306 856 355 920 bis
383 864 460 941 post
490 856 656 921 Halmium
684 857 789 920 editus
819 863 869 920 est
895 855 1072 920 Minucius:

58 968 78 1010 a
96 944 133 1010 B.
148 943 328 1009 Dombarto
347 967 414 1009 una
432 967 505 1010 eum
524 946 671 1010 uersione
691 946 874 1029 germanica
892 945 1072 1029 (Erlangae

60 1032 173 1118 1881),
202 1038 235 1097 01
262 1035 302 1098 ab
326 1032 400 1098 LI.
424 1032 651 1100 Cornelisseno
676 1033 840 1118 (Lugduni
864 1032 937 1098 Bat.
964 1030 1073 1119 1882).

124 1123 197 1206 Ego
229 1122 313 1206 ipse,
347 1123 403 1206 qui
439 1125 504 1186 iam
542 1124 575 1186 in
613 1123 808 1187 lectionibus
845 1122 924 1186 meis
961 1123 1072 1186 latinis

58 1208 206 1293 (Bonnae
235 1233 262 1275 a.
288 1211 374 1276 1870
402 1234 433 1295 p.
456 1213 500 1276 22
524 1209 609 1298 sqq.)
638 1211 803 1296 specimen
831 1212 1011 1278 studiorum
1039 1212 1073 1275 in

56 1299 200 1364 Minucio
219 1299 401 1383 positorum
419 1301 514 1383 edidi,
530 1310 661 1383 postero
680 1307 835 1384 tempore,
854 1301 910 1364 ubi
929 1303 1073 1364 animum

58 1410 78 1452 a
101 1389 307 1472 grauioribus
329 1389 483 1471 operibus
507 1389 721 1474 defatigatum
744 1391 978 1473 aliquantisper
1000 1389 1071 1455 refi-

57 1498 129 1542 nere
157 1483 253 1558 atque
281 1497 426 1540 recreare
455 1477 575 1559 lubuit,
604 1479 731 1561 saepius
756 1480 795 1542 ad
820 1477 1072 1543 1110001οω00-

57 1565 152 1646 ourri,
176 1563 260 1627 unde
284 1565 443 1647 paulatim
467 1566 561 1648 larga
581 1568 722 1629 subnata
741 1572 791 1630 est
809 1566 1072 1631 emendationum

58 1674 160 1737 seges.
197 1650 332 1736 quarum
356 1652 542 1735 potissimas
571 1675 659 1717 more
683 1655 717 1717 in
740 1653 802 1717 hoo
825 1657 983 1736 scriptore
1006 1655 1072 1717 iam

59 1741 212 1806 sollemni
236 1742 282 1805 eis
306 1763 388 1825 qnae
413 1745 564 1805 secuntur
586 1742 726 1826 pagellis
750 1741 920 1805 defendam
945 1764 1071 1807 accura-

57 1831 133 1908 tius,
156 1836 336 1895 ceterarum
361 1831 395 1894 in
419 1835 578 1913 apparatu
603 1831 745 1895 breuiter
768 1830 950 1895 redditurus
975 1832 1072 1907 ratio-

57 1941 139 1982 nem.
187 1920 307 2004 ubique
341 1922 451 1982 autem
483 1919 565 1982 mihi
596 1922 721 1983 textum
754 1920 965 1988 constituenti
998 1925 1072 1983 ante

58 2007 168 2072 oeulos
198 2013 249 2072 est
276 2012 441 2072 uersatum
471 2030 603 2072 aureum
632 2008 657 2073 l.
679 2007 730 2072 Fr.
756 2005 927 2091 Grononii,
955 2009 1073 2072 summi

58 2097 216 2160 sermonis
241 2096 335 2160 latini
359 2096 604 2179 existimatoris,
634 2097 754 2160 dictum
781 2099 880 2176 [obss.
905 2099 939 2160 in
962 2097 1072 2162 eoeles.

57 2206 88 2267 p.
102 2184 167 2249 589
181 2184 358 2264 Frotsoh.]:
377 2186 484 2249 omnin
501 2190 578 2250 certe
595 2186 669 2261 eins,
688 2186 723 2248 ia
741 2185 852 2266 quibus
869 2186 1016 2266 quomodo
1032 2185 1072 2249 le-

55 2273 188 2355 pendnm
215 2275 270 2355 sit,
297 2294 360 2337 uon
384 2274 562 2356 0011101101,
587 2274 645 2338 tos
666 2273 779 2338 hubent
800 2276 939 2338 uirtutes.
980 2294 1072 2355 orpu-

57 2366 193 2425 meatum
221 2363 341 2444 trepens,
373 2363 432 2426 illa
457 2384 586 2444 quoque,
612 2384 692 2444 quae
719 2363 817 2428 labem
844 2367 1072 2439 contruxerunt,

58 2451 103 2514 ita
125 2470 188 2515 esse
202 2452 359 2534 wanda,
380 2455 418 2515 ut
437 2472 500 2516 noa
517 2453 553 2516 10
572 2453 715 2517 Minucio
734 2453 914 2516 Minucium
931 2472 1073 2534 quaeras,

60 2539 288 2604 Tertullianum
304 2545 361 2604 out
377 2542 517 2622 quemuis
530 2543 734 2606 durissimum
746 2542 901 2621 Afrorum
919 2541 1072 2606 inuentus.

58 2626 120 2692 hoo
143 2650 242 2691 unum
266 2629 358 2710 addo,
382 2651 433 2693 me
455 2629 490 2692 in
513 2632 599 2694 notis
623 2632 728 2694 textui
752 2630 906 2694 subiectis
930 2632 1070 2691 tantum·

59 2716 155 2780 modo
185 2717 303 2781 electas
331 2719 476 2782 uirorum
508 2719 677 2783 doctorum
710 2719 908 2782 coniecturas
939 2716 1072 2780 adnota-

59 2806 160 2886 nisse3
184 2826 296 2869 omnes
320 2807 375 2888 qui
398 2807 488 2870 uolet
509 2829 651 2889 noscere,
675 2829 714 2871 ex
737 2805 878 2869 editione
896 2802 1073 2869 Halmiana

60 2897 117 2957 aut
139 2913 178 2955 ex
203 2893 486 2958 dissertationibus
509 2895 660 2959 indicatis
684 2899 782 2979 petat.

126 3003 152 3046 o.
173 2982 206 3059 1,
229 2983 251 3045 4
277 3003 340 3046 non
366 2984 484 3063 respuit
509 2985 654 3048 mmitem.
696 2984 735 3046 ad
760 2983 839 3047 haee
863 3004 937 3045 eum
963 2985 1071 3044 mente

60 3070 268 3153 suppleamus
293 3069 367 3134 ‘me'
392 3068 581 3153 (falsissime
613 3079 719 3136 autem
748 3073 847 3135 uertit
871 3070 1071 3134 Dombertus

59 3156 223 3243 ‘versagte
247 3179 282 3221 er
305 3160 366 3222 mir
392 3159 484 3224 nieht
507 3160 564 3224 des
587 3159 724 3224 Geleite’
747 3161 848 3225 uerba
876 3159 1071 3245 germanica,

59 3249 96 3310 01
121 3247 402 3331 saepe,.exhibens
425 3270 445 3311 a
468 3249 578 3313 latinis
601 3250 698 3334 plane
719 3249 855 3330 diuersa,
878 3250 939 3311 etsi
962 3246 1072 3311 sensui

60 3333 301 3422 congruentia),
328 3359 481 3420 peruersa
508 3340 619 3403 existit
649 3339 825 3422 sententia,
856 3336 1014 3420 siquidem
1043 3336 1072 3399 is

60 3423 115 3508 qui
138 3426 230 3506 prior
253 3427 424 3490 eonsilium
454 3427 584 3511 aliquod
613 3429 711 3510 oepit,
739 3429 807 3490 eius
832 3428 988 3490 comitem
1015 3424 1071 3486 ali-

58 3534 151 3595 quem
173 3536 239 3578 non
261 3517 396 3600 respuit.
433 3515 525 3602 prior
544 3523 657 3585 autem
676 3520 765 3583 teste
779 3516 843 3580 1110
855 3505 1093 3587 “000οῑἱ9““ῗ
