2378 3930
353 195 521 252 EDITORIS
540 195 756 252 PRAEFATIO.
1025 195 1064 250 XI

47 347 96 411 ita
115 343 254 410 efficitur
272 344 428 426 temporis
448 343 554 426 spatio
574 343 702 427 egregie
721 341 872 407 conuenit
895 341 1063 425 profundis

46 435 115 500 illis
130 433 254 515 studiis,
268 454 351 517 quae
363 431 454 496 Felix
468 435 578 496 noster
593 432 777 496 conlocauit
790 430 824 494 in
839 432 1064 514 cognoscenda

48 523 242 588 Iudaeorum
256 520 395 585 historia
408 541 607 604 quorumque
620 520 843 584 testimonium
858 523 910 584 sat
922 520 1064 584 luculen-

46 618 119 677 tum
148 633 173 677 c.
197 610 253 693 33,
277 608 365 674 2-5
394 611 492 674 extat.
538 609 628 673 nullo
660 613 768 673 sutem
796 611 892 690 pacto
922 608 1064 673 adducor

48 705 86 766 ut
113 700 256 780 credam,
284 698 418 762 eundem
445 696 551 762 uirum
574 720 683 762 rerum
706 696 909 762 Iudaicarum
933 719 971 761 ex
994 697 1062 762 fon·

47 791 136 854 tihus
169 787 397 852 discendarum
432 790 502 850 tam
539 788 702 851 curiosum
734 789 803 850 tam
839 786 1063 870 indiligentem

47 879 148 944 fuisse
175 872 209 941 in
233 897 311 940 suae
334 879 441 939 sectae
463 875 602 940 historia
624 875 816 959 placitisque
839 875 1063 958 percipiendis.

48 967 134 1032 unde
167 965 263 1030 aliam
297 964 546 1048 explicationem
574 964 789 1048 quaerendam
818 985 890 1027 esse
918 967 1063 1047 apparet.

114 1055 201 1120 Fons
230 1058 352 1118 rectam
385 1053 580 1117 sententiam
612 1052 795 1135 reperiendi
826 1053 907 1116 mihi
934 1052 1063 1116 uidetur

48 1147 162 1210 unicus
190 1144 246 1207 ille
273 1144 377 1225 locus,
406 1142 464 1205 uhi
491 1142 695 1224 paucissimis
723 1142 832 1206 uerbis
861 1141 901 1205 de
928 1139 1061 1206 Christo

48 1234 166 1320 agitur.
212 1233 348 1316 legimus
378 1252 403 1295 c.
426 1230 523 1314 29‚2
555 1251 632 1294 uam
663 1232 746 1312 quod
769 1230 914 1312 relipiooi
927 1235 1064 1294 'nostrae

46 1323 202 1387 homiuem
233 1321 364 1385 accium
390 1323 420 1383 et
449 1340 567 1384 crucem
594 1321 661 1384 eius
692 1319 882 1398 adscribitis,
914 1319 1001 1401 lonpe
1027 1320 1064 1383 dc

47 1412 168 1477 alcimo
202 1410 345 1472 ueritctis
377 1409 502 1485 erratis,
534 1409 589 1490 qui
618 1410 741 1489 petatis
772 1409 862 1472 deum
893 1409 977 1472 credi
1007 1412 1066 1471 act

47 1501 194 1564 mucoso
215 1498 345 1560 noxium
366 1501 425 1560 aet
445 1498 581 1577 potuisse
603 1501 766 1561 terreorum.
800 1517 839 1561 ne
861 1497 913 1561 ille
934 1497 1067 1560 misera*

45 1590 128 1665 bilis,
145 1587 234 1650 cuius
251 1586 287 1648 iu
304 1584 425 1648 homine
442 1585 570 1648 mortali
586 1605 654 1664 spes
668 1587 768 1648 omnis
784 1585 947 1661 insititiam
967 1590 1063 1648 totum

47 1679 130 1742 caim
161 1676 227 1739 ciue
257 1673 415 1737 caudium
442 1692 512 1737 uem
538 1674 668 1736 extincto
695 1672 817 1736 homine
845 1674 965 1754 sinitur.
1011 1672 1063 1736 hic

48 1785 177 1849 quoque
204 1762 295 1826 illam
327 1761 543 1826 reuerentiam
574 1760 756 1845 attingendi
784 1781 822 1824 ea
849 1782 932 1845 quae
963 1782 1064 1843 supra

48 1854 251 1919 ethnicorum
274 1853 406 1934 captum
429 1850 538 1934 posita
561 1853 670 1913 essent
693 1849 802 1913 uidero
825 1849 889 1913 sibi
909 1850 1063 1913 uideban-

47 1947 114 2007 tur:
147 1941 209 2005 etsi
235 1962 303 2004 non
331 1942 442 2023 aperte
473 1938 689 2022 significasse,
721 1942 832 2002 tamen
864 1938 1062 2002 intellexisse

49 2031 227 2095 Minucium
255 2026 421 2093 Christum
454 2048 557 2110 neque
588 2027 736 2106 noxium,
768 2029 882 2110 utpote
911 2027 1063 2110 peccatis,

48 2141 152 2203 neque
173 2118 337 2182 hominem
355 2120 528 2198 terrenum,
552 2119 663 2198 utpote
682 2119 812 2179 terreno
831 2115 973 2198 pondere
993 2115 1061 2178 siue

48 2229 183 2291 corpore
206 2209 384 2288 carentem,
411 2205 556 2269 innuisse
580 2224 658 2287 ergo
684 2204 935 2268 eum-diuinum.
978 2224 1060 2287 quae

47 2295 274 2378 interpretatio
298 2293 362 2357 nisi
388 2294 559 2357 tormentis
584 2293 778 2377 quibusdam
801 2315 840 2357 ex
863 2292 970 2356 uerbis
994 2292 1061 2356 illis

48 2405 116 2449 non
139 2383 279 2447 eruenda
302 2383 397 2466 plane
420 2381 582 2446 refutatur
604 2386 675 2446 tota
696 2381 833 2447 Minucii
856 2385 1063 2466 argumenta·

48 2475 145 2538 tione.
182 2472 238 2556 qui
261 2472 347 2536 enim
371 2471 409 2535 de
432 2492 498 2535 uno
522 2471 581 2534 deo
605 2471 653 2534 ita
675 2474 713 2534 ut
734 2470 855 2535 factum
878 2473 929 2534 est
953 2470 1061 2553 dispu-

48 2565 190 2644 tauerat,
208 2561 280 2626 loco
300 2560 409 2624 adlato
428 2559 511 2624 nihil
530 2560 618 2624 aliud
637 2560 744 2642 potuit
761 2558 947 2642 significare
965 2580 1062 2643 quem

48 2649 216 2714 Christum
243 2670 311 2714 non
333 2648 433 2712 fuisse
456 2648 593 2731 originis
617 2648 759 2711 diuinae:
787 2667 881 2711 nemo
905 2648 1061 2711 lectorum

48 2741 125 2821 post
148 2759 185 2800 ea
208 2758 289 2819 quae
312 2737 509 2819 praecedunt
532 2737 596 2800 alio
620 2737 716 2800 modo
739 2735 841 2799 uerba
864 2735 1061 2820 intellegere,

48 2846 145 2890 nemo
164 2825 258 2889 facile
277 2826 468 2908 scriptorem
487 2824 583 2888 aliter
597 2824 718 2888 sentire
732 2845 830 2908 quam
847 2823 938 2908 loqui
956 2825 1061 2908 suspi-

48 2915 117 2980 cari
134 2913 243 2997 potuit
260 2916 417 2996 potestne.
451 2916 484 2977 et
502 2913 555 2976 hic
574 2913 691 2977 iterum
716 2934 842 2995 moneo,
864 2934 931 2976 non
950 2913 1062 2978 cadere

47 3003 150 3068 talem
171 3001 301 3086 quidem
324 3001 617 3066 dissimulationem
640 3001 675 3065 in
699 3001 890 3084 apologetas
913 3002 1062 3067 christia·

46 3113 118 3175 nos,
139 3111 277 3175 quorum
295 3111 389 3154 nemo
408 3111 474 3154 non
493 3090 637 3155 oblatam
654 3090 869 3172 respondendi
888 3091 927 3154 de
946 3090 1009 3153 hac
1027 3111 1062 3154 re

49 3178 193 3245 Caecilio
212 3178 415 3244 occasionem
434 3177 481 3241 ita
500 3182 688 3261 arrepturus
707 3178 825 3243 fuisset
842 3182 880 3244 ut
894 3176 1061 3243 Christum

48 3268 101 3333 dei
128 3269 234 3332 filium
261 3267 411 3332 lubenter
438 3270 471 3331 et
497 3267 670 3331 manifesta
698 3271 946 3351 prosequeretur
968 3266 1062 3330 laude

49 3361 147 3442 atque
180 3355 395 3421 ueneratione.
441 3378 539 3440 quam
571 3354 707 3420 Minucii
737 3356 942 3420 reticentiam
975 3355 1061 3420 hono

49 3445 178 3529 fidoque
207 3444 393 3511 Christiano
426 3445 688 3532 indignissimam
719 3465 822 3528 aeque
848 3443 1067 3524 perhorresci-

41 3555 118 3596 mus
144 3556 243 3618 quam
271 3555 482 3624 excusamus,
516 3534 608 3624 quocl
636 3535 731 3601 'rhem
762 3530 913 3598 crimina
935 3528 983 3587 ha
1004 3523 1104 3584 aulus.
