2378 3930
95 188 139 254 32
451 186 596 241 MINUOII
613 185 751 242 FELICIS

92 333 275 399 Ianiculum
302 332 415 417 Ianus,
448 332 489 397 ad
517 332 708 397 memoriam
734 336 868 417 uterque
897 333 1109 419 posteritatis,

60 423 303 506 ureliquerumt.
340 421 439 486 homo
462 422 565 506 igitur
587 421 698 505 utique
721 423 777 507 qui
800 421 899 507 fugit,
922 422 1026 488 homo
1050 425 1109 488 uti-

94 533 156 596 que
180 511 235 597 qui
256 511 364 594 latuit,
387 513 421 575 et
443 514 538 593 pater
559 509 700 575 hominis
723 513 756 574 et
777 515 874 576 natus
899 534 939 576 ex
963 511 1109 594 homine,

95 600 215 664 Terrae
243 600 331 664 enim
355 601 407 663 uel
431 597 522 664 Caeli
549 599 650 681 fflius,
678 599 764 684 quod
788 599 873 685 apud
896 599 1002 665 Italos
1027 606 1111 666 esset

94 689 217 773 ignotis
240 689 430 772 parentibus
452 688 600 771 proditus
617 688 668 752 uel
684 689 842 770 repentino
860 691 1047 774 aduenisset,
1069 695 1111 756 est
1130 710 1140 750 s

94 779 206 862 dietata
229 783 266 842 ut
289 779 325 842 in
346 776 538 842 hodiernum
561 776 733 860 inopinato
755 777 844 842 uisos
868 778 960 843 eaelo
984 779 1110 863 missos,

59 865 500 1039 ³iilhbliipilr¹gdllib
521 866 1016 1040 tothfilhffib,
1044 889 1109 1021 tt

96 1044 187 1126 obiit,
209 1044 278 1107 illio
300 1043 387 1107 filios
406 1042 536 1108 habuit:
560 1042 664 1108 adhue
683 1048 813 1108 antrum
830 1043 920 1109 Iouis
940 1045 1061 1109 uisitur
1080 1050 1110 1110 et

95 1132 279 1214 sepulcrum
302 1133 371 1197 eius
395 1131 584 1215 ostenditur,
607 1135 641 1196 et
663 1131 743 1215 ipsis
770 1132 870 1196 saeris
899 1133 968 1198 suis
996 1132 1143 1198 huma-10

60 1239 77 1287 9
95 1221 212 1285 nitatis
232 1220 389 1305 arguitur.
418 1221 560 1285 otiosum
578 1224 630 1284 est
648 1219 696 1285 ire
715 1242 772 1304 per
790 1221 938 1304 singulos
955 1225 989 1285 et
1007 1225 1110 1287 totam

97 1309 214 1374 seriem
240 1308 368 1393 generis
391 1308 487 1372 istius
512 1309 682 1392 explicare,
705 1331 778 1374 aum
801 1310 835 1373 in
857 1310 974 1393 primis
996 1333 1109 1395 paren-

94 1398 183 1462 tibus
209 1397 350 1480 probata
377 1397 560 1461 mortalitas
587 1398 623 1462 in
650 1395 776 1463 eeteros
802 1398 873 1482 ipso
900 1399 1014 1464 ordine
1043 1422 1108 1465 sue·

96 1485 251 1550 cessionis
270 1485 445 1569 influxerit,
463 1485 528 1549 nisi
543 1486 628 1551 forte
643 1490 718 1569 post
732 1489 870 1551 mortem
885 1487 964 1552 deos
977 1489 1109 1574 fingitis,

94 1577 132 1638 ut
158 1574 341 1656 perierante
363 1573 502 1640 Proculo
530 1575 609 1639 deus
632 1574 792 1640 Romulus
821 1581 867 1640 et'
881 1575 964 1641 Iuba
987 1576 1109 1643 Mauris
1122 1596 1143 1637 n

95 1662 282 1728 uolentibus
302 1663 380 1728 deus
400 1667 501 1729 estet
521 1663 588 1728 diui
607 1664 705 1728 aeteri
723 1684 827 1748 regas,
850 1666 906 1748 qui
924 1687 1109 1731 oonseoran·

95 1756 151 1816 tur
172 1774 239 1816 non
262 1753 302 1816 ad
324 1751 422 1816 fidem
448 1753 607 1836 numinis,
635 1752 690 1817 sed
714 1753 754 1817 ad
777 1754 934 1817 honorem
959 1756 1110 1820 emeritae

44 1858 78 1907 10
96 1841 280 1925 potestatis.
317 1841 430 1906 inuitis
452 1840 505 1906 his
529 1841 667 1926 denique
685 1841 747 1907 hoa
765 1863 886 1907 nomen
904 1842 1110 1908 adscribitur:

97 1933 213 2012 optant
240 1930 274 1994 in
296 1930 429 1994 homine
452 1951 673 2014 perseuerare,
699 1931 770 1994 fieri
794 1952 828 1995 se
852 1931 928 1995 deos
954 1936 1109 2016 metuunt,

96 2019 159 2082 etsi
181 2019 247 2083 iam
271 2041 364 2083 senes
383 2020 509 2083 nolunt.
539 2040 616 2104 ergo
635 2040 695 2083 neo
712 2020 751 2083 de
774 2021 911 2084 mortuis
931 2020 985 2103 dii,
1010 2043 1109 2105 quon·
1122 2039 1142 2078 2⁰

96 2110 162 2171 iam
181 2109 259 2173 deus
284 2108 367 2172 mori
390 2130 455 2171 non
479 2111 596 2191 potest,
620 2129 678 2172 neo
695 2107 740 2172 dii
758 2108 829 2171 nati
849 2112 933 2193 sunt,
957 2111 1109 2192 quoniam

97 2198 236 2261 moritur
264 2218 359 2261 omne
388 2195 475 2280 quod
502 2197 661 2280 nascitur,
693 2196 839 2261 diuinum
863 2201 971 2261 autem
995 2198 1031 2262 id
1054 2205 1109 2280 est,

46 2303 76 2351 11
97 2285 183 2368 quod
201 2307 260 2349 neo
280 2288 386 2349 ortum
407 2285 507 2350 habat
524 2307 584 2349 neo
603 2307 762 2350 oceasum.
799 2308 855 2351 our
874 2286 970 2368 enim,
994 2288 1024 2351 si
1042 2288 1108 2352 nati

97 2377 181 2455 sunt,
203 2395 271 2436 non
294 2373 454 2456 hodieque
473 2374 671 2439 nascuntur?
694 2376 758 2438 nisi
776 2374 860 2439 forte
879 2375 945 2438 iam
963 2373 1110 2459 Iuppiter

97 2461 204 2525 senuit
232 2464 265 2524 et
292 2465 405 2544 partus
429 2463 464 2525 in
487 2463 612 2527 Iunone
636 2462 753 2527 defecit
776 2468 808 2527 et
830 2463 978 2527 Minerua
1002 2466 1109 2529 canuit
1121 2481 1140 2520 2⁵

97 2552 271 2633 antequam
302 2550 437 2634 peperit.
483 2573 525 2614 an
556 2551 629 2615 ideo
663 2552 803 2616 cessauit
838 2553 902 2615 ista
934 2554 1109 2636 generatio,

96 2641 249 2722 quoniam
275 2640 366 2704 nulla
390 2639 574 2705 huiusmodi
596 2640 716 2704 fabulis
739 2641 914 2725 praebetur
938 2641 1109 2708 adsensio?

45 2731 239 2794 anetarum
268 2730 296 2794 si
324 2730 370 2794 dii
398 2751 505 2794 creare
532 2734 680 2813 possent,
711 2729 844 2794 interire
871 2751 939 2794 non
967 2734 1110 2813 possent,

95 2816 205 2898 plures
234 2818 314 2882 totis
341 2819 527 2883 hominibus
556 2819 632 2884 deos
660 2819 868 2902 haberemus,
895 2820 932 2883 ut
960 2820 1029 2883 iam
1057 2841 1109 2884 eos

96 2926 154 2968 neo
182 2907 307 2969 eaelum
335 2909 515 2972 contineret
541 2929 602 2972 nee
630 2929 684 2972 aer
712 2911 840 2990 caperet
861 2928 922 2971 nea
944 2911 1035 2972 terra
1058 2929 1108 2993 ge·
1121 2923 1140 2964 3⁰

97 2996 205 3057 staret.
242 2994 326 3057 unde
345 2996 553 3061 manifestum
573 2999 623 3061 est
641 2997 788 3061 homines
807 2996 881 3061 illos
900 2996 1011 3081 fuisse,
1031 3018 1109 3082 quos

167 3190 185 3238 4
203 3184 261 3255 uel]
283 3187 312 3239 et
330 3188 370 3242 ed.
387 3191 455 3257 pass
474 3194 498 3255 5,
514 3196 529 3243 6
549 3188 595 3243 uel
612 3189 757 3258 repentino
777 3187 938 3243 aduenisset
957 3190 1001 3243 est
1019 3189 1109 3243 dietus

97 3257 196 3311 addidi
216 3258 313 3325 (supra
327 3274 357 3325 p.
377 3257 492 3324 XXXII)
507 3261 546 3327 118
567 3263 659 3314 create
677 3262 720 3330 Pl!
736 3266 768 3313 16
786 3263 819 3313 ut
838 3260 996 3314 Mausolus.-
1016 3262 1045 3314 et
1064 3260 1107 3330 Pl

97 3327 164 3382 iuna
191 3333 211 3379 P
237 3330 247 3398 ΙΙ
273 3333 306 3381 21
335 3332 431 3397 potest
458 3331 613 3385 Woweras:
641 3333 737 3398 posset
764 3337 783 3382 P
813 3334 816 3392 Ι
846 3346 898 3384 neo
931 3330 972 3383 dii
1004 3331 1066 3385 nati
1093 3338 1107 3384 s

97 3402 144 3466 (ε
155 3403 229 3469 sunt)
243 3401 355 3470 scripsi:
370 3418 421 3454 neo
435 3401 469 3454 de
484 3401 557 3455 natis
571 3407 591 3453 P
605 3402 614 3471 l!
628 3407 662 3455 27
677 3401 822 3472 quoniam]
837 3402 931 3456 malim
945 3401 1021 3469 quod
1036 3402 1092 3455 iam

93 3475 130 3524 28
154 3487 250 3527 creare
271 3471 383 3544 possint
401 3477 432 3539 P,
456 3488 525 3526 corr.
545 3472 687 3539 Gelenius,
713 3474 770 3526 aisi
787 3474 859 3541 quod
878 3472 967 3527 creari
985 3474 1102 3541 mazou,

82 3547 210 3603 sonora
230 3551 257 3603 Ρ,
