2378 3930
337 909 674 991 PRAEFATIO.

112 1184 259 1257 Postquam
280 1183 313 1238 ad
334 1184 411 1256 prius
433 1183 559 1239 volumen
582 1185 780 1258 praefationem
803 1186 918 1259 scripsi,
940 1188 966 1241 in

49 1287 102 1343 qua
119 1286 149 1324 ea
166 1283 276 1342 quoque
292 1267 410 1323 subsidia
426 1271 583 1324 enumeravi
601 1285 670 1343 quae
688 1271 740 1325 iam
758 1269 790 1324 ad
812 1271 880 1326 trane
900 1269 968 1325 alte·

48 1371 104 1409 ram
133 1362 237 1426 partem
267 1352 396 1407 edendam
423 1353 603 1426 collegeram,
632 1353 693 1410 auxi
719 1371 780 1409 eum
806 1362 965 1427 apparatum

48 1437 274 1511 Guelferbytanae
296 1437 479 1494 bibliothecae
500 1438 594 1511 copiis,
607 1456 674 1512 quas
690 1446 793 1495 aestate
815 1437 967 1512 superioris

47 1524 109 1578 nunt
126 1523 186 1577 adii.
222 1522 363 1577 Praeterea
380 1519 581 1580 Gurmunuus
599 1520 735 1593 (lumen,
756 1523 795 1577 vir
811 1523 966 1579 studiorum

48 1607 226 1662 similitudine
260 1606 325 1660 milri
355 1606 610 1678 coniunctissimus,
646 1607 733 1663 tribus
763 1608 967 1663 commentariis

47 1709 118 1764 quos
139 1692 209 1746 intra
231 1707 281 1746 suo
298 1707 432 1764 quemque
446 1689 508 1747 loeo
524 1690 640 1748 laudabo
661 1690 747 1747 multa
761 1699 789 1746 et
805 1692 916 1765 egregia
933 1691 966 1746 ad

46 1775 192 1832 nonnullas
213 1793 257 1831 res
279 1775 447 1831 dillrciliores
470 1775 646 1832 illustrandas
666 1775 792 1831 contulit.
832 1775 885 1830 Sed
911 1775 963 1831 iam

48 1860 155 1932 singula
173 1875 296 1933 quaeque
314 1876 473 1932 persequar.

110 1945 180 2001 108.
193 1944 263 2000 109.
288 1942 415 1997 Varronis
426 1942 559 1998 librorum
572 1942 604 1998 de
619 1942 712 2014 lingua
725 1942 819 1997 latina
835 1942 966 2014 reliquias

44 2045 114 2102 quae
131 2045 203 2083 nunc
224 2033 331 2082 exstant
352 2042 445 2082 omnes
467 2034 575 2082 constat
592 2025 700 2082 lluxisse
717 2044 731 2082 e
747 2025 840 2081 codice
854 2025 967 2081 Floren-

46 2115 103 2168 tino
125 2111 173 2166 illo
190 2109 291 2167 saeculi
306 2110 339 2165 lll
357 2108 415 2185 (F),
437 2128 517 2184 quem
541 2111 606 2167 olim
628 2111 744 2166 contulit
759 2110 858 2166 Petrus
875 2109 966 2166 Victo·

44 2201 108 2253 rius.
145 2194 265 2251 Eundem
288 2211 348 2250 cum
375 2212 462 2269 nuper
482 2196 675 2270 descripsisset
700 2196 731 2251 ll.
752 2194 856 2250 Keilius
883 2194 967 2267 idque

43 2282 232 2355 apographum
250 2282 434 2336 concessisset
448 2279 477 2337 L.
491 2280 655 2354 Spengelio‚
672 2279 744 2336 lrune
758 2279 886 2352 precihus
901 2278 965 2347 adii,

45 2374 75 2422 ut
90 2365 123 2422 ad
139 2383 187 2421 eos
205 2365 282 2421 locos
301 2381 369 2438 quos
386 2365 412 2419 in
432 2364 505 2421 bunc
520 2365 619 2420 librum
636 2373 798 2440 recepturus
814 2381 903 2420 essem
921 2381 966 2417 va·

43 2451 111 2506 riam
127 2450 277 2506 Florentini
293 2449 455 2523 scripturam
475 2466 508 2505 ex
529 2449 576 2505 illo
593 2451 751 2523 apographo
769 2451 834 2506 milri
852 2449 966 2504 adnota-

44 2543 95 2590 ret.
134 2535 284 2608 Respondit
309 2533 414 2608 petenti
443 2534 484 2588 vir
511 2535 640 2608 egregius
670 2535 846 2608 paratissimo
873 2533 964 2588 animo

44 2620 173 2691 misitque
195 2619 258 2674 mibi
280 2619 312 2673 ad
334 2617 424 2675 locum
440 2618 473 2674 de
490 2618 645 2691 agrestibus
661 2618 796 2674 mensuris
811 2617 854 2689 (V,
871 2616 911 2674 34
929 2635 964 2688 s,

45 2702 124 2757 nobis
147 2704 182 2758 lr.
200 2698 270 2777 109)
300 2705 385 2777 ipsius
407 2702 560 2759 Florentini
586 2703 765 2776 scripturam3
789 2702 823 2757 ad
849 2701 964 2757 alterurn

43 2795 133 2842 autem
150 2788 239 2842 locum
259 2784 299 2861 (V,
317 2788 377 2845 169
393 2806 440 2859 ss,
458 2788 491 2844 lr.
508 2785 591 2858 108),
607 2788 695 2859 quiin
712 2786 872 2842 Florentino
890 2803 964 2842 nunc

43 2871 212 2927 desideratur
232 2870 369 2927 nonnullis
391 2871 464 2927 loliis
485 2872 613 2928 abscissis
629 2879 809 2945 posteaquam
825 2870 963 2927 Victorius

43 2972 76 3011 eo
92 2973 160 3012 usus
176 2964 234 3025 est,
257 2956 397 3011 adnotavit
414 2958 571 3013 varietatem
587 2955 656 3011 allus
674 2955 813 3010 cuiusdam
830 2954 932 3011 codicis
949 2972 963 3009 a

40 3039 130 3096 llelllo
149 3040 252 3110 collati,
267 3041 315 3113 qui
331 3040 534 3097 accuratissime
549 3058 582 3096 ex
598 3041 658 3114 ipso
674 3039 788 3112 antiquo
803 3038 963 3094 Florentino

41 3125 198 3199 descriptus
219 3133 261 3180 est
277 3119 333 3199 (tt).
373 3128 463 3197 Atque
483 3125 549 3183 baec
566 3124 674 3198 quidem
690 3140 739 3198 per
754 3122 862 3179 litteras
877 3122 964 3195 Spen-

41 3209 131 3281 gelius
158 3226 264 3265 mecum
289 3211 513 3274 communicavit3
545 3217 688 3283 praeterea
716 3207 852 3263 rationem
879 3206 962 3261 babui

42 3296 101 3349 elus
116 3293 304 3350 commentarii
321 3310 401 3367 quem
418 3293 488 3349 idem
503 3294 536 3349 de
552 3293 630 3349 libris
644 3293 771 3349 Varronis
788 3289 963 3348 emendandis

41 3379 169 3452 scripsit:
203 3378 293 3435 veter
310 3379 358 3434 die
375 3377 470 3434 llrr'tile
486 3379 539 3434 der
562 3378 777 3435 Varronisclren
793 3375 911 3431 Beteller
927 3375 963 3428 de

39 3463 142 3536 lingua
158 3463 273 3520 Latina.
308 3461 452 3519 detenet.
469 3463 497 3518 d.
512 3462 615 3536 Baper.
633 3462 729 3518 Aliud.
749 3462 765 3515 1
778 3462 819 3517 ct.
842 3458 895 3515 Vll
908 3457 961 3512 ltu.

770 3559 808 3618 a*
