2378 3930
106 211 149 276 ⁷0
452 207 631 266 POMPONII
647 208 773 298 Mhlhhh}

103 374 307 458 regionibus,
334 376 373 438 ut
394 372 430 435 in
453 372 562 456 aliqua
584 377 679 456 parte
703 373 772 438 eius
799 375 913 438 neuter
937 375 1121 458 septentrio

104 462 271 546 adpareat,
299 460 458 545 aliterque
482 482 580 545 quam
602 462 639 526 in
662 461 734 526 aliis
759 462 826 528 oris
853 462 987 528 umbrae
1009 484 1121 528 rerum

51 567 84 616 oa
104 550 144 616 ad
162 550 330 616 meridiem
349 550 487 614 iaceant.
529 553 672 615 ceterum
690 550 819 635 fertilis,
837 555 872 616 et
889 551 981 617 vario
999 571 1121 637 genere

103 638 272 705 hominum
291 637 494 722 aliorumque
518 638 709 704 animalium
727 643 840 706 scatet.
884 640 946 705 alit
963 640 1120 707 formicas

101 749 168 792 non
196 728 338 793 minores
366 726 518 792 maximis
541 727 689 810 canibus,
718 748 799 811 quas
823 748 914 793 more
936 745 1148 812 gryporum⁶

102 838 216 883 aurum
243 816 375 900 penitus
403 818 552 899 egestum
581 836 653 880 cum
686 836 813 880 summa
840 815 982 899 pernicie
1015 817 1122 882 adtin-

102 906 248 990 gentium
266 903 427 970 custodire
441 907 704 989 commemorant,
722 904 881 969 immanes
896 907 929 968 et
943 909 1121 990 serpentes,

103 995 204 1078 aliqui
226 996 264 1057 ut
287 992 478 1077 elephantos
497 1012 608 1057 morsu
630 994 728 1076 atque
753 993 878 1057 ambitu
901 993 1046 1076 corporis
1066 994 1123 1058 ad·

102 1084 226 1164 finiant3
249 1084 318 1146 tam
341 1081 473 1165 pinguis
497 1080 619 1145 alicubi
642 1083 767 1146 ettam
790 1080 906 1145 feracis
930 1080 1003 1165 soli,
1025 1082 1122 1147 utin

103 1169 263 1236 comella
289 1168 453 1234 frontibus
482 1168 639 1253 defluant,
667 1169 760 1234 lanas
785 1169 886 1233 silvae
912 1168 1035 1252 ferant,
1061 1170 1119 1234 ha·
1134 1187 1163 1226 1⁰

102 1258 276 1323 rundinum
299 1259 376 1322 fissa
399 1257 585 1322 internodia
607 1257 711 1322 veluti
730 1258 827 1322 navia
849 1257 945 1321 binos
968 1260 1002 1321 et
1025 1279 1123 1341 quae·

51 1363 83 1412 63
104 1347 179 1411 dam
197 1349 307 1411 ternos
327 1347 426 1410 etiam
444 1346 574 1410 vehant.
615 1345 779 1410 cultorum
797 1345 930 1410 habitus
949 1365 1122 1430 moresque

102 1435 286 1501 dissimiles.
326 1434 394 1499 lino
413 1434 470 1498 alii
487 1433 673 1499 vestiuntur
691 1437 747 1499 aut
765 1435 851 1499 lanis
870 1455 949 1519 quas
969 1433 1122 1519 diximus,

103 1525 160 1589 alii
182 1524 290 1588 avium
312 1522 518 1607 ferarumque
536 1522 693 1606 pellibus3
715 1544 792 1605 pars
811 1522 889 1587 nudi
908 1525 1021 1607 agunt,
1042 1543 1121 1606 pars

101 1617 230 1679 tantum
253 1612 392 1677 obscene
414 1612 528 1694 velati3
552 1611 609 1676 alii
630 1610 771 1675 humiles
794 1611 964 1694 parvique,
990 1610 1048 1675 alii
1070 1611 1120 1675 ita
1134 1625 1163 1668 1⁵

101 1702 228 1786 proceri
251 1704 284 1765 et
303 1721 437 1783 corpore
460 1701 619 1784 ingentes,
643 1702 681 1765 ut
700 1698 883 1783 elephantis
903 1699 1002 1764 etiam
1021 1701 1055 1763 et
1072 1699 1122 1764 ibi

102 1789 254 1853 maximis
278 1789 362 1853 sicut
379 1809 440 1853 nos
460 1789 551 1872 equis
570 1788 667 1853 facile
687 1791 784 1871 atque
802 1787 959 1852 habiliter
976 1791 1123 1854 utantur.

50 1894 84 1944 64
104 1877 236 1962 quidam
267 1877 394 1941 nullum
428 1877 553 1941 animal
589 1876 748 1959 occidere,
782 1877 875 1941 nulla
906 1897 1001 1941 carne
1032 1876 1123 1941 vesci

103 1967 263 2050 optimum
295 1965 498 2048 existimant,
531 1965 689 2049 quosdam
720 1968 852 2029 tantum
882 1964 988 2048 pisces
1020 1963 1123 2028 alunt

103 2055 234 2139 quidam
257 2053 398 2138 proximi
420 2057 573 2137 parentes
596 2055 788 2138 priusquam
812 2054 906 2118 annis
934 2056 992 2117 aut
1015 2052 1121 2136 aegri·
1134 2068 1163 2110 ²⁰

102 2145 224 2209 tudine·
237 2145 272 2207 in
300 2143 437 2208 maciem
465 2146 541 2207 eant
564 2143 653 2208 velut
680 2143 806 2208 hostias
834 2141 985 2225 caedunt,
1012 2162 1123 2206 caeso-

102 2253 238 2315 rumque
264 2231 442 2296 visceribus
472 2231 597 2314 epulari
624 2230 675 2296 fas
708 2235 741 2295 et
769 2230 908 2294 maxime
940 2229 1030 2314 pium
1060 2233 1123 2294 est.

51 2334 85 2384 66
105 2324 139 2384 at
162 2320 218 2384 ubi
241 2323 389 2384 senectus
418 2321 475 2383 aut
502 2320 634 2385 morbus
662 2319 797 2383 incessit
822 2317 936 2402 procul
962 2340 982 2382 a
1005 2318 1121 2383 ceteris

104 2408 234 2490 abeunt,
256 2410 460 2490 mortemque
478 2407 514 2470 in
532 2406 705 2472 solitudine
724 2407 808 2471 nihil
832 2407 921 2472 anxii
939 2409 1122 2489 expectant.

103 2495 330 2579 prudentiores
349 2498 382 2559 et
406 2495 522 2578 quibus
542 2517 594 2560 ars
619 2495 824 2579 studiumque
843 2494 1022 2579 sapientiae
1045 2515 1122 2559 con·
1136 2509 1165 2550 ’ὅ

104 2585 204 2669 tingit
221 2606 288 2650 non
307 2587 480 2668 expectent
498 2605 580 2669 eam,
599 2584 655 2648 sed
672 2584 850 2669 ingerendo
869 2586 972 2648 semet
989 2582 1122 2667 ignibus

52 2688 86 2737 66
105 2672 184 2736 laeti
207 2676 240 2737 et
263 2694 335 2738 eum
359 2673 465 2758 gloria
489 2676 664 2738 arcessunt.
709 2672 840 2737 urbium
863 2693 943 2756 quas
966 2671 1123 2755 incolunt,

106 2765 182 2825 sunt
205 2764 314 2825 autem
336 2760 506 2846 plurimae,
529 2760 622 2845 Nysa
646 2765 696 2827 est
715 2760 897 2826 clarissima
920 2764 954 2825 et
970 2758 1123 2843 maxima,

105 2850 266 2914 montium
288 2848 395 2915 Meros
417 2849 488 2915 Iovi
517 2871 615 2914 sacer.
660 2849 782 2914 famam
808 2849 885 2914 hinc
911 2849 1123 2933 praecipuam

104 2937 242 3022 habent;
280 2938 315 3000 in
346 2938 404 3003 illa
435 2938 597 3023 genitum,
633 2938 669 3002 in
700 2938 797 3004 huius
834 2959 931 3022 specu
962 2935 1119 3003 Liberum
1136 2953 1162 2994 ³⁰

177 3136 201 3182 2.
218 3129 353 3210 adpareat
366 3129 407 3182 A¹
421 3132 557 3199 appareat
570 3128 612 3183 A’
666 3136 691 3184 3.
705 3129 837 3184 iaoentA
850 3129 962 3184 iaceant
977 3127 1125 3184 Vedianas

177 3205 201 3255 5.
221 3217 313 3254 mmus
327 3201 355 3253 A
373 3198 494 3254 minores
507 3218 529 3255 a
600 3200 735 3254 maximas
749 3201 791 3255 A¹
810 3216 878 3256 corr.
898 3202 965 3269 (fuit
981 3196 1122 3268 maximis)

104 3269 269 3326 maximiaco
323 3286 474 3340 gryporum
493 3271 533 3324 Al
548 3272 721 3341 gryphorum
733 3272 775 3326 A·
829 3279 854 3326 6.
871 3278 895 3327 ἵ.
913 3268 1125 3339 adtingentium

105 3341 146 3394 A¹
160 3339 362 3411 attingentium
379 3340 421 3394 A²
474 3347 499 3396 8.
513 3342 546 3395 ut
559 3344 601 3396 A¹
619 3360 688 3400 corr.
743 3343 828 3410 atque
842 3342 882 3396 A¹
897 3356 965 3398 corr.
1021 3346 1064 3396 1o.
1079 3345 1123 3396 11.

105 3411 295 3466 harundinum
311 3412 354 3466 A¹
372 3410 539 3466 arundinum
553 3413 594 3468 A*
666 3419 708 3469 11.
727 3411 817 3467 veluti
835 3413 863 3466 A
881 3414 997 3482 (litteras
1014 3409 1040 3464 ti
1056 3412 1123 3466 add.

105 3483 157 3554 A¹)
229 3482 327 3537 navita
339 3485 367 3538 A
386 3483 470 3538 navia
487 3481 598 3540 Vossius
670 3490 714 3539 25.
733 3481 879 3551 siquibus
895 3484 921 3538 A
941 3484 970 3536 et
987 3480 1089 3550 quibus
1103 3497 1125 3536 a:
