2378 3930
157 188 218 237 xvi
521 159 711 235 susurnam.

158 328 260 382 tionem
282 335 381 399 augeat
396 328 514 385 collatus
528 328 673 402 Epipbauii
687 328 765 384 locus
782 322 869 401 supra'
881 345 908 400 p.
925 325 1004 397 266,
1020 326 1079 393 18;

158 410 206 466 sed
227 410 288 466 vide
311 411 377 467 ibid.
398 431 424 486 p.
448 413 524 482 269,
550 414 598 471 16.
613 443 656 455 —-
670 413 790 486 lienique
814 412 952 468 hocloco
975 413 1077 467 mentio

158 495 280 552 iacienda
295 503 338 550 est
352 497 455 553 codicis
470 499 615 553 Beruensis
630 500 659 553 iu
673 497 743 570 prol.
760 496 778 566 S
795 495 872 568 124,
889 496 900 550 1
915 512 947 550 ex
965 493 1080 551 Useneri

157 579 257 635 litteris
274 579 434 636 adumbrati.
456 596 459 601 ·

224 679 400 737 123-127.
423 681 461 736 En
478 681 575 737 Isidori
597 679 824 754 etymologiarum
846 678 924 734 libris
947 695 1018 753 quae
1036 697 1079 736 oa·

159 763 215 837 pita
236 765 264 819 iu
282 765 351 821 lianc
366 766 555 823 collectionem
570 764 693 835 contuli,
715 782 746 821 ea
761 774 842 838 quarn
857 763 1080 823 emendatissima

159 848 230 904 edidi
252 864 283 904 ex
307 850 395 905 tribus
417 850 555 906 codicibus
577 849 771 905 vetustissimis
796 866 866 922 quos
881 848 954 903 Frid.
970 848 1035 904 Otto
1051 849 1079 905 in

159 933 326 989 recensendo
348 933 445 989 isidori
475 952 558 1007 opere
586 935 703 1006 turpiter
730 933 850 1007 neglexit
879 933 1079 989 recentioribus

161 1016 299 1072 codicibus
320 1017 408 1091 iisque
432 1018 518 1074 multu
542 1017 725 1073 deterioribus
751 1016 902 1073 incredibili
928 1018 1010 1073 animi
1036 1035 1080 1073 su·

160 1101 252 1156 cordia
268 1101 405 1173 praelatis.
440 1102 509 1158 Sunt
528 1110 618 1159 autem
632 1101 672 1156 illi
688 1102 852 1158 venustiores
870 1118 940 1174 quos
956 1101 1008 1157 dixi

223 1184 249 1238 Α
264 1207 308 1233 =
325 1186 384 1241 eod.
402 1186 637 1260 Guelferbytanus
659 1186 811 1241 Weisseub.
833 1185 889 1256 64,
912 1185 1081 1242 membrana·

159 1285 225 1324 oeus
241 1269 329 1325 lorma
346 1271 492 1343 quadrata⁷
509 1270 609 1327 saeculi
628 1269 696 1338 Vlll;
721 1273 844 1327 continet
859 1270 957 1325 lsidori
975 1279 1081 1344 etymo·

159 1354 293 1425 logiarum
310 1354 395 1410 libros
411 1356 456 1411 llll
472 1356 545 1411 soliis
560 1355 639 1424 338;

223 1438 306 1492 B:
324 1439 383 1495 cod.
407 1441 576 1497 llonucensis
596 1440 654 1495 Lat.
679 1438 762 1497 6250
785 1458 855 1496 saec.
877 1439 910 1494 lX
931 1437 1006 1511 (olirn
1022 1439 1080 1495 uri-

159 1523 294 1597 singensis
311 1523 377 1595 50);

222 1607 245 1662 0
257 1619 300 1656 -’-
315 1608 373 1663 cod.
394 1609 497 1665 lionae.
519 1609 578 1666 bat.
600 1608 681 1664 4541
706 1624 777 1664 sucu.
795 1609 817 1662 X
840 1607 916 1679 (olim
941 1608 1078 1664 Benediet.

160 1690 221 1764 41).
254 1691 290 1746 Ex
313 1694 356 1748 nis
380 1693 619 1767 Guelferbytanum
642 1693 748 1748 excussi
769 1702 872 1749 aestate
895 1694 958 1748 anni
981 1692 1076 1758 1864;

159 1777 360 1832 llonacensium
382 1778 505 1834 codicum
525 1779 687 1850 scripturam
698 1777 807 1852 'insigni
821 1779 988 1833 humanitate
1004 1777 1080 1832 misit

160 1861 249 1916 adme
264 1860 333 1916 Guil.
351 1862 496 1934 Christian
509 1862 552 1917 cui
571 1861 606 1918 ob
625 1878 682 1917 eum
700 1879 757 1917 rom
775 1863 876 1935 gratias
894 1864 939 1935 egi
955 1864 982 1917 in
999 1878 1078 1917 enor-

160 1946 205 2001 dio
227 1946 328 2020 prioris
351 1946 505 2002 voluminis.
535 1944 585 2013 Qut
607 1964 667 2002 cum
689 1947 721 2002 ad
735 1946 908 2002 Ottoniauam
931 1946 1079 2002 editionem

160 2031 267 2086 codices
282 2032 461 2101 contulisset,
478 2049 529 2104 ego
549 2047 655 2087 omnem
672 2048 766 2088 eorum
783 2033 946 2104 scripturam
963 2047 1033 2103 quae
1046 2048 1079 2086 ex

162 2115 288 2185 silentio,
313 2124 345 2170 ut
367 2118 460 2186 aiunt,
488 2115 606 2172 eflicitur
627 2116 717 2172 notavi
738 2116 827 2170 addita
848 2116 991 2184 litterae,
1016 2116 1035 2169 i.
1055 2131 1078 2169 e.

161 2201 257 2271 vulgo.
289 2200 325 2252 113
347 2202 452 2255 ratione
475 2219 555 2272 quam
576 2203 603 2255 in
626 2202 668 2255 bis
684 2200 827 2256 lsidoriuni
847 2201 938 2272 operis
955 2200 1079 2272 partibus

163 2291 273 2337 secutus
296 2300 356 2337 sum
378 2283 533 2340 uberiorem
550 2285 762 2357 disputationem
786 2284 929 2340 instituere
944 2301 999 2340 non
1015 2300 1079 2358 pos-

161 2383 238 2436 sum,
260 2382 293 2421 ne
315 2369 489 2439 angustiores
512 2370 580 2424 lines
600 2369 700 2442 quibus
723 2371 788 2424 baec
809 2369 943 2442 praelatio
963 2369 1079 2424 circum·

160 2448 291 2506 scribitur
305 2451 446 2508 immodice
466 2455 603 2525 egrediar:
623 2454 719 2509 luciam
736 2454 831 2526 igitur,
848 2456 870 2508 si
888 2464 1002 2526 potero,
1023 2452 1077 2508 alio

161 2536 237 2603 luco;
261 2536 308 2591 sed
323 2537 375 2592 boo
392 2538 481 2593 omitti
499 2555 555 2594 non
572 2555 654 2612 posse
671 2538 746 2593 video
763 2539 897 2611 permulta
913 2538 1079 2610 glossemata

161 2629 188 2674 et
209 2621 435 2695 interpolationes
451 2623 491 2678 vel
512 2625 538 2677 in
554 2622 604 2679 hac
620 2625 718 2697 exigua
732 2625 818 2678 totius
837 2623 929 2697 operis
945 2632 1023 2697 parte
1039 2623 1079 2678 iu·

161 2705 254 2760 veniri.
286 2709 324 2761 Ac
344 2710 462 2779 primum
485 2725 669 2763 commemoro
693 2709 759 2764 duas
781 2710 839 2763 eius
857 2708 966 2780 generis
984 2725 1079 2764 corru-

160 2789 248 2861 ptelas
265 2807 365 2863 easque
381 2795 520 2864 graviores
536 2793 632 2849 abesse
648 2792 681 2848 ab
696 2795 718 2846 Α
734 2788 767 2862 (ν.
780 2793 871 2848 adnot.
887 2792 918 2849 ad
933 2810 959 2865 p.
972 2792 1043 2861 109,
1060 2792 1086 2848 6

161 2883 188 2927 et
205 2874 282 2943 122,
298 2874 317 2928 4
334 2876 397 2931 3311.
413 2877 513 2933 Ottune
528 2895 554 2950 p.
569 2876 646 2947 486,
663 2876 691 2932 3.
708 2876 785 2949 522,
804 2875 847 2947 1);
874 2885 930 2933 tmn
946 2877 999 2932 alio
1015 2877 1078 2932 loco

161 2973 192 3011 en
213 2959 309 3014 eudem
334 2961 426 3016 codice
451 2961 547 3016 similis
576 2960 750 3016 utltlitanrenti
776 2962 909 3033 originem
934 2964 1079 3036 perspicue

161 3046 299 3114 cognosci.
337 3045 442 3100 Etenim
459 3047 541 3102 uerba
557 3062 626 3118 quae
642 3046 713 3117 apud
727 3063 778 3101 nos
793 3064 820 3118 p.
840 3048 916 3117 110,
934 3046 974 3104 20
988 3064 1025 3102 ss.
1041 3047 1079 3102 le·

161 3134 264 3200 guntur
280 3129 307 3182 in
322 3132 344 3183 A
360 3132 400 3185 sie
414 3133 565 3204 perscripta
581 3138 659 3185 sunt:

312 3246 421 3302 Pondus
437 3249 514 3322 prius
529 3249 631 3321 legitur
648 3266 757 3323 moyses
772 3250 910 3306 inuenisse

245 3386 266 3417 a
311 3331 418 3386 Primus
437 3332 504 3389 litou
520 3335 631 3406 argiuus
648 3334 766 3417 ponderx
791 3336 924 3391 rationem

133 3431 134 3434 Ἴ
164 3457 263 3505 cetera,
297 3448 335 3505 Ex
358 3449 400 3506 his
422 3450 537 3507 Pondus
557 3453 676 3526 pertinet
699 3454 731 3510 ad
754 3452 860 3526 priora3
886 3455 967 3510 verba
987 3461 1079 3511 autem

160 3539 248 3606 prius
269 3536 373 3610 legitur
396 3551 506 3608 moyses
529 3540 675 3592 inuenisse
701 3538 790 3594 addita
816 3553 877 3593 esse
902 3548 1016 3614 apparet
1044 3538 1078 3594 ab
