2378 3930
154 190 198 257 60
223 212 265 254 nx
278 210 392 255 arreum
404 209 500 254 urano
514 210 557 253 ns
573 208 789 253 counrcrouru.
802 207 967 252 sanonum.
992 186 1072 271 [lit]

155 362 276 424 egeram
297 361 483 415 mensuram,
510 345 549 405 ita
571 341 792 411 renuntiabam,
822 340 963 404 IVGERA
984 338 1070 413 ΤΟΤ,

156 447 297 509 VERSVS
312 446 404 518 TOT,
428 454 474 515 ut,
498 447 524 504 si
545 445 621 505 lorte
643 444 843 504 controuersia
858 449 938 503 esset
952 460 1072 503 versum

155 547 267 609 habere
294 547 386 626 pedes
407 533 470 607 th
493 545 607 613 DCXL,
636 548 666 606 in
693 544 845 622 iugeribus
872 550 972 606 tamen
998 544 1072 605 fides

156 658 315 711 constaret.
354 651 384 709 in
405 650 554 727 prouincia
572 664 691 726 quoque
705 645 892 707 Narbonensi
906 647 988 706 varia
1003 652 1073 707 sunt
1141 674 1145 681 ·

121 751 313 812 brocabula:
342 749 392 811 alii
419 749 568 829 appellant
595 747 715 818 libram,
747 746 795 807 alii
822 746 1004 828 parallelum.
1041 750 1071 807 iu

154 852 294 930 llispania
318 853 475 913 centurias.
518 853 575 919 ita,
604 851 680 912 sicut
702 849 775 919 diri,
803 852 835 910 iu
856 850 1072 910 consuetudine

155 953 280 1014 alicuius
300 955 430 1031 regionis
452 954 633 1014 inveniemus
649 950 741 1031 [sicut
754 950 884 1031 videtur]
899 952 938 1011 ita
960 968 1071 1011 renun-

154 1055 302 1123 tiandum,
325 1053 462 1116 thEttu
477 1054 563 1122 ΤΟΤ,
587 1052 726 1115 vltnsvs
742 1052 828 1120 ΤΟΤ,
851 1054 912 1112 sive
932 1051 1071 1112 sinuas

154 1155 245 1225 ΤΟΤ,
275 1157 335 1216 sire
356 1155 435 1235 quod
458 1154 536 1215 aliud
559 1153 733 1215 vocabulum
758 1153 966 1232 aliquomodo
989 1171 1069 1214 com-

105 1264 137 1313 10
154 1256 334 1335 prehensum
358 1257 456 1318 luerit.
501 1258 539 1317 ita
562 1273 630 1316 curn
651 1258 753 1333 iugera
777 1256 924 1334 adscripta
950 1255 1070 1325 luerint,

154 1357 223 1419 licet
244 1359 410 1437 peregrinis
431 1357 580 1419 uocabulis
601 1359 692 1437 possit
719 1357 828 1436 aliquid
852 1401 909 1416 ...
933 1357 1069 1435 iugerum

155 1458 242 1520 nobis
263 1461 338 1521 ratio
360 1460 429 1527 luit,
452 1460 540 1519 tidem
563 1458 699 1520 servabit.
1065 1444 1070 1453 ¹

218 1575 248 1638 2.
277 1579 380 1657 Neque
408 1578 466 1638 hoc
488 1579 721 1656 praetermittam
753 1577 830 1657 quod
860 1579 890 1636 in
918 1578 1071 1656 provincia

155 1677 369 1758 Cyrenensium
392 1681 528 1757 conperi,
552 1681 582 1738 in
606 1696 663 1757 qua
687 1682 749 1756 agri
772 1688 841 1740 sunt
862 1679 951 1755 regii,
975 1679 1073 1739 idest

106 1786 139 1835 15
156 1779 197 1840 illi
213 1798 287 1860 quos
301 1779 488 1841 Ptolomaeus
503 1798 556 1841 rex
572 1779 682 1858 populo
698 1781 830 1841 Romano
846 1779 982 1859 reliquit:
1003 1787 1072 1841 sunt

155 1880 328 1959 plinthides,
352 1882 386 1942 id
400 1888 448 1942 eat
468 1880 601 1943 laterculi
617 1882 752 1961 quadrati
766 1883 808 1942 uti
824 1884 990 1953 centuriae,
1014 1900 1070 1960 per

156 2002 227 2044 sena
251 1983 329 2044 milia
352 1984 462 2062 pedum
485 1983 625 2044 limitibus
647 1983 766 2059 inclusi,
795 1982 937 2043 habentes
961 1982 1069 2059 singuli

156 2084 288 2146 laterculi
311 2086 412 2164 iugera
436 2103 560 2147 numero
583 2086 703 2146 00ch.
740 2085 852 2164 lapides
875 2103 943 2145 vero
967 2086 1072 2146 inscri-

104 2222 142 2261 12³
155 2188 198 2265 pti
221 2189 339 2246 nomine
362 2187 421 2247 clivi
443 2187 614 2266 Vespasiani
637 2185 691 2247 sub
716 2185 843 2247 clausula
864 2186 931 2256 tali,
963 2185 1072 2248 0CssV·

105 2272 607 2376 2{,“rnutaru1vnrtsrtNES:
631 2288 663 2347 P.
679 2288 714 2347 R.
731 2287 941 2348 RESTlTVlT.
983 2307 1072 2368 prae·

156 2396 237 2448 terea
260 2404 313 2463 pes
335 2406 454 2456 corum,
485 2391 535 2468 qui
556 2388 754 2450 Ptolomeicus
775 2388 953 2467 appellatur,
982 2388 1072 2449 habet

157 2485 333 2548 monetalem
360 2489 466 2567 pedem
491 2496 520 2549 et
541 2493 733 2552 semunciam.
778 2493 818 2550 ita
840 2489 993 2566 iugeribus
1015 2509 1071 2550 nu·

156 2608 239 2651 mero
263 2589 387 2660 ooCCL,
410 2609 486 2670 quae
509 2610 611 2652 eorum
635 2610 773 2654 mensura
796 2593 1000 2660 inveniuntur,
1025 2610 1072 2652 ac-

156 2691 263 2753 cedere
279 2691 367 2753 debet
381 2710 451 2770 pars
465 2692 591 2764 XXllll,
615 2701 644 2753 et
666 2695 702 2754 ad
725 2694 861 2754 ellectum
877 2695 987 2754 iterum
1002 2711 1074 2771 pars

104 2799 138 2846 25
155 2793 277 2864 xxiiii,
301 2803 328 2854 et
348 2796 498 2874 prodeunt
513 2814 584 2857 vero
601 2795 708 2856 ellectu
724 2794 864 2855 monetali
879 2794 955 2873 pede
970 2795 1073 2879 iugera

223 3067 248 3114 4.
271 3067 473 3116 narbonensem
491 3065 526 3127 B,
551 3065 726 3114 narbonense
748 3065 811 3116 GLo
897 3068 921 3120 6.
944 3066 1074 3131 hispania

157 3149 186 3208 G,
206 3151 331 3212 spaniam
349 3151 383 3212 B,
409 3149 513 3214 Spania
532 3151 574 3199 La
660 3151 684 3202 6.
704 3150 801 3215 itast,
820 3150 925 3200 utdixi
944 3177 975 3185 -
994 3151 1073 3200 inve·

156 3234 278 3296 niemus,
300 3230 393 3299 [sicut]
414 3234 527 3283 uidetur
544 3235 587 3283 ita
605 3233 819 3283 renuntiandum
836 3235 878 3284 La
964 3237 989 3285 9.
1010 3250 1073 3284 con-

155 3318 319 3384 prehensum
339 3319 367 3374 G,
388 3317 633 3382 compraehensum
651 3318 720 3367 BLa
801 3319 840 3370 12.
861 3315 925 3382 fuit]
945 3320 987 3368 sui
1005 3321 1071 3371 coni.

155 3404 197 3453 Lo
266 3403 307 3454 14.
326 3402 512 3466 cyrinensium
531 3402 557 3450 B
639 3404 679 3452 15.
697 3403 852 3467 ptolomeus
870 3402 947 3465 BLa,
965 3404 1072 3469 phtolo-

150 3502 232 3538 meus
251 3486 273 3538 θ
358 3489 399 3538 16.
418 3486 447 3535 id
467 3490 509 3535 est
530 3486 670 3551 Turnebus,
687 3501 739 3538 cm.
757 3485 824 3535 libri
891 3488 934 3536 20.
951 3489 1076 3537 restituit

139 3572 293 3640 Turnebus,
315 3573 486 3642 praestituit
510 3572 562 3625 BG
651 3573 698 3622 25.
722 3570 864 3636 proheunt
883 3583 952 3618 neno
977 3565 1096 3629 allectat
