2378 3930
196 208 241 277 84
484 230 526 271 nx
546 226 707 271 narsetem
727 226 824 271 creso
1036 202 1117 289 [118]

198 362 330 426 sicilicus
352 360 476 443 scripuli
498 380 559 432 sex,
584 359 697 423 sextula
719 360 843 440 scripuli
857 365 1007 438 quattuor,
1031 358 1118 419 dimi·

199 466 246 527 dia
269 462 383 526 sertula
406 463 529 543 scripuli
551 463 620 523 duo.
657 480 762 523 rursus
784 460 897 523 sextula
917 468 947 522 et
962 460 1118 522 dimidium

200 565 332 628 sertulae
362 562 492 626 sicilicus
520 562 694 645 appellatur.
739 563 887 643 scripulus
909 563 1034 641 siliquae
1055 578 1117 623 sex.

200 668 307 745 siliqua
331 664 476 747 estquod
499 665 602 727 dicunt
624 664 730 725 Graeci
753 663 899 742 κεράτιον
924 661 969 725 vel
990 660 1118 726 bsurde.

144 731 181 853 ῙΞ
262 769 467 830 Necessarium
489 774 588 829 tamen
611 769 774 827 existimavi
794 765 829 827 ad
847 765 1050 827 confirmanda
1067 784 1117 827 su·

197 888 250 949 pra
278 870 355 931 dicta
384 870 507 930 diversis
536 863 707 930 auctoribus
735 868 772 928 de
798 868 844 928 his
867 867 944 927 diota
967 866 1116 927 subicere.

198 971 297 1032 Livius
318 974 349 1030 in
364 970 498 1031 XXXilll
514 969 550 1029 ab
574 969 648 1031 urbe
671 969 805 1030 condita:
828 968 1042 1030 ‘multitudinis
1067 986 1117 1029 eo·

199 1091 264 1133 rum
293 1079 500 1150 argumentum
523 1074 575 1141 sit,
606 1070 685 1150 quod
707 1070 848 1150 Polybius
871 1069 975 1131 scribit
996 1077 1119 1132 centum

200 1174 317 1234 talentis
347 1192 411 1234 eam
439 1191 504 1232 rem
526 1172 651 1233 Achaeis
680 1175 814 1242 stetisse,
845 1190 912 1232 cum
940 1174 1119 1249 quingentos

149 1279 181 1328 10
201 1275 339 1334 denarios
368 1276 497 1352 pretium
524 1276 554 1333 in
582 1274 691 1351 capita,
721 1273 799 1351 quod
822 1273 1000 1334 redderetur
1023 1273 1119 1333 domi·

200 1378 261 1445 nis,
303 1377 483 1436 statuissent.
529 1373 610 1435 mille
648 1377 725 1436 enim
760 1375 903 1436 ducentos
936 1393 970 1435 ea
1005 1376 1119 1435 ratione

198 1477 306 1538 Achaia
335 1476 437 1537 habuit
461 1478 591 1554 captivos
613 1476 752 1538 italicos‘
798 1495 856 1555 qua
879 1477 995 1537 ratione
1018 1483 1119 1537 osten·

200 1578 279 1640 ditur
307 1597 360 1639 sex
388 1577 467 1638 milia
496 1577 687 1639 denariorum
716 1576 827 1639 habere
853 1576 1005 1638 talentum.
1050 1594 1118 1638 nam

200 1698 267 1740 cum
291 1681 434 1758 quingeni
457 1679 571 1740 denarii
593 1698 649 1758 pro
670 1678 750 1738 mille
771 1678 907 1739 ducentis
922 1680 1044 1757 captivis
1059 1678 1119 1738 dati

150 1785 182 1833 15
201 1780 376 1858 colligantur
409 1789 543 1842 sescenta
578 1780 656 1841 milia
691 1780 897 1850 denariorum,
932 1787 1052 1841 centum
1086 1797 1119 1839 ea

147 1880 183 1939 13
203 1883 331 1943 ostendit
359 1883 449 1943 luisse
481 1882 598 1944 talenta.
644 1884 804 1944 centesima
833 1890 931 1943 autem
960 1898 1030 1960 pars
1058 1899 1119 1941 ses·

201 1992 355 2046 centorum
379 1983 491 2044 milium
514 1983 669 2044 sexmilia
692 1985 888 2044 inveniuntur.
930 1983 1046 2043 denarii
1069 1963 1120 2043 au·

200 2094 260 2146 tem
283 2086 334 2146 illo
357 2096 492 2165 tempore
514 2088 629 2145 nummi
653 2088 784 2162 argentei
808 2092 892 2146 erant
913 2085 1015 2161 viginti
1036 2090 1119 2161 quat·

200 2198 269 2248 tuor
290 2186 479 2264 siliquarum,
506 2188 583 2264 quod
600 2189 630 2246 in
647 2187 751 2247 eodem
768 2186 845 2246 libro
862 2187 990 2246 ostendit
1005 2186 1118 2245 Livius:

149 2293 182 2339 20
202 2289 320 2364 ‘signati
343 2290 457 2364 argenti
481 2287 636 2347 LXXXllll
658 2287 738 2348 milia
760 2290 844 2348 luere
860 2290 1033 2348 Atticorum.
1077 2294 1119 2346 te·

200 2386 332 2447 traohma
362 2396 474 2448 vocant.
519 2391 608 2448 trium
639 2390 702 2450 lere
725 2390 914 2449 denariorum
942 2391 972 2448 in
997 2386 1121 2466 singulis

201 2490 315 2565 argenti
344 2497 388 2548 est
416 2488 556 2566 pondos’
602 2490 666 2550 ride
696 2491 773 2569 quod
798 2500 936 2568 quattuor
960 2489 1120 2551 drachmae

201 2591 260 2649 sint.
281 2591 467 2670 septuaginta
491 2591 565 2651 dirae
589 2592 713 2671 siliquae
732 2627 767 2636 -
786 2593 914 2652 diximus
937 2594 1015 2652 enim
1032 2609 1120 2670 supe·

201 2692 264 2751 rins
298 2692 377 2768 quod
406 2701 467 2752 tres
495 2691 589 2762 oboli,
626 2713 751 2772 qnorum
782 2694 891 2770 singuli
919 2713 970 2754 sen
999 2692 1122 2770 siliquas

150 2791 343 2860 rehabeant,
379 2794 548 2854 drachmam
580 2795 692 2855 lacirmt
722 2830 755 2840 —
788 2804 848 2856 tres
879 2803 976 2856 antem
1007 2793 1123 2853 denarii

202 2893 280 2953 idem
303 2893 445 2963 habeant,
469 2896 498 2955 id
523 2906 567 2965 est
583 2896 683 2956 txxtt
700 2896 830 2974 siliquas.
869 2897 949 2956 idenr
970 2897 1070 2956 Livius
1092 2896 1122 2954 in

202 2993 345 3055 XXXVlll
361 2996 397 3055 ab
421 2997 495 3057 urbe
519 2998 638 3060 condita
661 3001 791 3059 ostendit
814 3017 953 3077 magnum
977 2998 1121 3058 talentum

270 3250 293 3300 1.
313 3250 558 3313 scripuli-IIII·G
626 3255 650 3301 2.
670 3253 885 3318 scripuli-tto
936 3255 962 3301 4.
980 3251 1121 3303 beennon·

201 3331 402 3382 uel·urtcoc(1'
475 3335 500 3382 8.
520 3335 690 3400 polnbiusG
792 3341 816 3388 9.
835 3335 965 3401 Achaeis]
991 3337 1124 3387 atheisG

203 3419 243 3469 11.
263 3416 306 3483 ea}
328 3418 395 3467 etG
484 3422 525 3470 20.
549 3421 653 3485 signati
676 3422 891 3486 argentiom.G
965 3422 1124 3471 tetrachma

194 3503 261 3553 lz‘bsc'
270 3502 324 3555 VA
335 3504 409 3569 asrael
418 3502 541 3570 Kalliena,
561 3505 718 3555 tethraornn
733 3508 754 3554 Ρ
766 3508 835 3571 opud
852 3507 968 3564 ersndem,
982 3513 1124 3569 tetrngmc

184 3586 212 3636 θ
279 3592 322 3643 22.
345 3590 507 3661 dragmae
578 3592 614 3642 aa
632 3591 791 3656 dragmae
859 3590 905 3636 rt.
921 3586 1100 3634 mannito

671 3859 775 3890 ἡ
