2378 3930
104 219 149 286 54
459 218 606 276 MINUGII
622 218 761 276 FELICIS

51 384 84 433 11
103 365 177 430 uide
209 364 303 450 odeo,
335 385 432 450 quom
463 364 499 429 in
528 365 684 431 solacium
714 366 821 432 nostri
847 366 1114 432 resurrectionem

102 454 245 520 futuram
278 455 384 519 omnis
416 457 535 518 notura
566 454 748 520 meditetur.
794 455 844 520 sol
875 476 909 521 sc
938 456 1060 540 mergit
1085 460 1115 521 et

101 543 256 628 nascitur,
279 547 369 608 astra
390 543 547 608 labuntur
570 545 603 608 et
625 542 771 626 redeunt,
793 543 891 609 fiores
909 544 1065 611 occidunt
1085 549 1115 608 et

101 631 321 716 reuiuescnnt,
343 634 420 717 post
442 632 568 695 senium
590 631 725 697 arbusta
742 632 969 716 frondescunt,
991 632 1115 698 semine

100 719 233 786 nonnisi
255 723 407 803 corrupte
432 719 643 785 reuirescunt
686 719 736 785 its
759 742 877 805 corpus
899 722 934 786 in
958 721 1146 806 sepulcro,s

99 813 138 874 nt
170 809 303 874 arbores
334 809 370 874 in
400 807 554 873 hiberno:
590 809 755 874 occultant
785 810 929 875 mirorem
965 809 1116 875 oriditste

48 914 82 963 ln
101 897 247 962 mentite.
292 895 372 982 quid
403 895 552 980 festinos,
580 900 617 961 nt
644 898 742 962 cruda
769 898 875 963 adbuc
900 898 1011 963 bieme
1037 899 1115 964 reoi-

99 990 212 1052 uescat
239 988 273 1050 et
297 985 432 1051 redeat?
461 985 695 1070 expectandum
724 985 822 1052 nobis
848 986 948 1052 etiam
971 988 1114 1071 corporis
1175 1019 1177 1023 ·

99 1096 157 1139 ner
179 1078 238 1140 est
281 1095 342 1139 uec
365 1074 483 1158 ignoro
506 1075 679 1160 plerosquo
702 1075 903 1141 conscientia
926 1075 1114 1140 meritorum

98 1163 182 1228 nihil
201 1184 235 1228 se
254 1183 326 1228 esse
343 1166 421 1247 post
437 1167 578 1228 mortem
599 1164 706 1248 magis
725 1167 838 1248 optare
856 1186 953 1248 qnam
972 1164 1149 1250 credere31⁰

98 1253 226 1317 malunt
252 1252 339 1316 onim
368 1250 515 1334 extingui
540 1253 670 1334 penitus
694 1275 793 1338 quom
816 1253 857 1318 ed
880 1253 1046 1338 supplicis
1066 1274 1113 1317 re

97 1341 216 1424 pareri.
253 1360 391 1423 quornm
409 1359 501 1403 error
517 1343 656 1425 augetur
675 1338 791 1422 [et]‘in
811 1341 942 1408 saeculo
960 1341 1112 1408 libertate

97 1428 256 1512 permissa
278 1431 312 1493 et
334 1427 386 1491 dei
408 1426 567 1510 patientia
589 1429 745 1514 maxima,
767 1430 858 1495 cuius
882 1434 1008 1515 quanto
1031 1430 1113 1496 iudi-

46 1514 183 1582 35cinm
208 1515 352 1600 tardum,
378 1518 472 1580 tanto
496 1517 602 1601 magis
625 1517 747 1583 iustum
770 1522 829 1584 est.
870 1523 903 1584 et
924 1523 1038 1584 tomms
1060 1519 1111 1585 ed·

98 1608 272 1670 monentur
293 1604 442 1671 homines
466 1603 727 1670 doctissimorum
749 1607 842 1672 libris
861 1611 895 1671 et
912 1609 1110 1673 carminibus
1124 1624 1146 1666 1⁶

96 1697 267 1777 poetarum
294 1694 382 1758 illius
411 1692 508 1758 inferi
534 1692 678 1759 fluminis
701 1697 735 1759 et
763 1696 816 1776 [de
840 1693 956 1781 Stygis
977 1696 1109 1780 palude]

98 1783 226 1866 saepius
259 1782 434 1848 ambientis
466 1781 592 1847 srdoris
622 1784 719 1866 [quae
747 1784 943 1849 cruciatibus
971 1786 1110 1850 aeternis

63 1869 1111 2045 2ttttttgtrttttttntdtbtttpttfittttt

96 2048 166 2132 ipse
190 2070 246 2113 rex
268 2048 415 2132 Iuppiter
442 2069 500 2131 per
526 2051 687 2113 torrentes
715 2050 805 2133 ripas
828 2053 861 2114 et
884 2053 990 2115 strom
1015 2073 1108 2115 uore-
1122 2067 1144 2106 20

96 2137 206 2220 ginem
229 2137 316 2203 iurat
336 2136 502 2222 religiose3
528 2136 724 2203 destinatam
748 2138 836 2202 enim
859 2136 923 2203 sibi
944 2160 1018 2203 oum
1042 2140 1108 2203 suis

60 2243 76 2293 3
96 2227 275 2292 cultoribus
294 2248 432 2310 poenam
448 2225 613 2308 praescius
631 2226 858 2309 perhorrescit
889 2249 948 2293 nec
966 2231 1107 2293 tormen·

95 2315 138 2378 tis
163 2318 219 2379 aut
242 2314 356 2380 modus
380 2315 464 2379 ullus
487 2317 545 2378 sut
569 2315 737 2380 terminus.
774 2316 842 2379 illic
866 2316 997 2399 sapiens
1021 2317 1106 2402 ignis

95 2403 240 2465 membra
267 2402 334 2465 urit
362 2405 395 2464 et
422 2402 537 2485 reiicit,
565 2403 670 2486 carpit
693 2408 726 2467 et
752 2405 864 2468 nutrit.
906 2404 989 2470 sicut
1014 2406 1105 2489 ignes

94 2488 267 2554 fulminum
289 2510 426 2574 corporo
449 2492 592 2575 tangunt
614 2512 674 2556 nec
697 2493 881 2575 absumunt,
905 2493 990 2558 sicut
1013 2494 1104 2577 ignes
1119 2507 1141 2548 2⁵

95 2576 234 2642 Aetnaei
267 2577 416 2660 [montis]
450 2581 483 2642 et
510 2577 647 2644 Vesuini
681 2581 830 2662 [montis]
860 2586 893 2646 et
925 2582 1107 2646 ardentium

165 2791 181 2840 2
205 2802 235 2842 se
258 2788 362 2858 mergit
380 2787 576 2843 Hecmocooe:
595 2787 772 2857 demergit?
794 2791 804 2859 ΙΙ
826 2794 842 2844 3
861 2789 1017 2844 renascitur
1036 2789 1108 2845 Haz-

93 2856 165 2911 mc'uc
189 2855 193 2927 Ι
218 2857 320 2912 redunt
342 2864 362 2909 P
385 2875 418 2912 m.
443 2864 458 2911 1
482 2859 492 2926 fl
516 2864 532 2912 t
556 2857 682 2927 sepulcro
707 2858 904 2915 Heumancue:
927 2861 1039 2915 saeculo
1060 2861 1107 2932 ΡΗ

95 2932 127 2980 11
152 2926 270 2995 suplicia
290 2934 310 2979 P
327 2930 337 2996 u
361 2933 393 2981 12
419 2930 448 2982 et
470 2929 579 2984 seclusit
598 2929 737 2985 Woeecros
755 2933 764 3001 ΙΙ
784 2937 816 2985 13
840 2931 977 3001 permissa
994 2933 1107 3000 scripsi:

93 2999 211 3053 remissa
224 3004 244 3049 P
258 3000 267 3068 ΙΙ
283 3003 315 3051 15
334 2997 414 3053 libris
433 3000 473 3054 ed.
488 3016 549 3068 pr„-
566 2998 627 3053 liris
641 3007 661 3052 P
675 3003 684 3071 ΙΙ
700 3007 732 3056 16
747 3002 830 3056 inferi
843 3003 955 3071 scribsi:
973 3001 1051 3072 ignei
1066 3009 1085 3054 P
1102 3004 1105 3074 t

93 3072 129 3125 de
148 3068 246 3139 Stygis
268 3069 372 3138 pslnde
395 3071 504 3132 occlusit
522 3071 661 3126 Douieiue
678 3074 687 3142 ΙΙ
709 3077 743 3126 17
766 3071 872 3127 inferos
891 3073 1045 3141 saepientis
1064 3091 1107 3128 ar-

94 3141 169 3197 doris
189 3141 336 3208 Usencrua·
348 3141 418 3194 metri
431 3157 534 3210 quoque
548 3142 704 3210 qloeeemcte
718 3143 744 3197 d.
756 3142 782 3197 S.
798 3161 825 3212 p.
840 3145 983 3212 &mum
997 3146 1108 3199 uidear

94 3213 206 3282 aliquod
224 3212 397 3278 secretalem,
416 3227 456 3266 etc.
476 3229 517 3282 cr.
536 3229 632 3266 manes
647 3212 758 3281 saepius
773 3215 847 3268 amb.
863 3214 971 3269 ardoris
988 3214 1107 3286 tlt—19

92 3285 179 3339 uerba
197 3301 268 3353 quae
286 3281 458 3339 cruciatibus
473 3310 506 3322 -
522 3281 636 3352 cognita
648 3283 826 3338 tradiderunt
840 3286 977 3341 lemoriee
1016 3287 1109 3340 'tione'

93 3355 220 3410 emblema
236 3357 334 3411 seclusi
355 3357 365 3423 ΙΙ
389 3359 422 3408 18
442 3351 553 3407 iudiciis
572 3357 592 3405 P
614 3355 624 3422 i
647 3352 880 3410 eldeminster
901 3359 912 3427 ΙΙ
934 3361 969 3411 26
988 3356 1108 3412 Aetnaei

96 3423 235 3482 coeteros.-
257 3425 360 3481 hennei
383 3431 403 3477 P
426 3423 535 3478 Aetnae
558 3425 642 3494 cotye
667 3428 671 3492 Ι
696 3426 800 3479 montis
824 3428 934 3483 seclusit
960 3427 1079 3485 Ursinus
1100 3428 1104 3500 Ι

88 3494 205 3555 Vesuini
228 3516 290 3573 eqo:
312 3498 386 3559 lesui
410 3502 431 3553 P
452 3493 562 3553 Vesuui
583 3496 669 3565 coloe
682 3493 777 3549 Vesus
792 3497 953 3550 Eucaerus
973 3499 1108 3564 &montis

65 3572 188 3631 seclusi}
211 3573 408 3650 Woplcecee'us.
