<?xml version="1.0" encoding="UTF-8"?>
<!DOCTYPE html PUBLIC "-//W3C//DTD XHTML 1.0 Transitional//EN"
    "http://www.w3.org/TR/xhtml1/DTD/xhtml1-transitional.dtd">
<html xmlns="http://www.w3.org/1999/xhtml" xml:lang="en" lang="en">
 <head>
  <title>
</title>
<meta http-equiv="Content-Type" content="text/html;charset=utf-8" />
  <meta name='ocr-system' content='tesseract 3.04.00' />
  <meta name='ocr-capabilities' content='ocr_page ocr_carea ocr_par ocr_line ocrx_word'/>
</head>
<body>
  <div class='ocr_page' id='page_1' title='image "./pomponiimelaede02melagoog_0473.png"; bbox 0 0 2378 3930; ppageno 0'>
   <div class='ocr_carea' id='block_1_1' title="bbox 90 160 747 231">
    <p class='ocr_par' dir='ltr' id='par_1_1' title="bbox 90 160 747 231">
     <span class='ocr_line' id='line_1_1' title="bbox 90 160 747 231; baseline 0 -13"><span class='ocrx_word' id='word_1_1' title='bbox 90 167 132 231; x_wconf 82' lang='lat'><strong>16</strong></span> <span class='ocrx_word' id='word_1_2' title='bbox 447 160 747 218; x_wconf 79' lang='lat' dir='ltr'><strong>umucrrrsarcrs</strong></span> 
     </span>
    </p>
   </div>
   <div class='ocr_carea' id='block_1_2' title="bbox 45 307 1137 2076">
    <p class='ocr_par' dir='ltr' id='par_1_2' title="bbox 45 307 1137 2076">
     <span class='ocr_line' id='line_1_2' title="bbox 90 307 1108 393; baseline -0.004 -17"><span class='ocrx_word' id='word_1_3' title='bbox 90 313 215 393; x_wconf 87' lang='lat' dir='ltr'><strong>darem,</strong></span> <span class='ocrx_word' id='word_1_4' title='bbox 251 309 380 392; x_wconf 89' lang='lat' dir='ltr'><strong>culpam</strong></span> <span class='ocrx_word' id='word_1_5' title='bbox 416 311 529 372; x_wconf 89' lang='lat' dir='ltr'><strong>tamen</strong></span> <span class='ocrx_word' id='word_1_6' title='bbox 564 309 618 373; x_wconf 90' lang='lat' dir='ltr'><strong>uel</strong></span> <span class='ocrx_word' id='word_1_7' title='bbox 653 307 874 372; x_wconf 67' lang='lat' dir='ltr'><strong>innocentiam</strong></span> <span class='ocrx_word' id='word_1_8' title='bbox 907 312 979 374; x_wconf 86' lang='lat' dir='ltr'><strong>fato</strong></span> <span class='ocrx_word' id='word_1_9' title='bbox 1012 309 1108 373; x_wconf 89' lang='lat' dir='ltr'><strong>tribui</strong></span> 
     </span>
     <span class='ocr_line' id='line_1_3' title="bbox 89 395 1107 481; baseline -0.003 -16"><span class='ocrx_word' id='word_1_10' title='bbox 89 399 241 465; x_wconf 60' lang='lat' dir='ltr'><strong>mentior</strong></span> <span class='ocrx_word' id='word_1_11' title='bbox 269 397 439 462; x_wconf 74' lang='lat' dir='ltr'><strong>sententiis</strong></span> <span class='ocrx_word' id='word_1_12' title='bbox 467 397 691 481; x_wconf 87' lang='lat' dir='ltr'><strong>plurimorum.</strong></span> <span class='ocrx_word' id='word_1_13' title='bbox 732 397 766 459; x_wconf 89' lang='lat' dir='ltr'><strong>et</strong></span> <span class='ocrx_word' id='word_1_14' title='bbox 793 395 876 462; x_wconf 86' lang='lat' dir='ltr'><strong>haec</strong></span> <span class='ocrx_word' id='word_1_15' title='bbox 899 400 1017 462; x_wconf 88' lang='lat' dir='ltr'><strong>uestra</strong></span> <span class='ocrx_word' id='word_1_16' title='bbox 1039 419 1107 462; x_wconf 90' lang='lat' dir='ltr'><strong>con·</strong></span> 
     </span>
     <span class='ocr_line' id='line_1_4' title="bbox 55 484 1108 570; baseline -0.006 -14"><span class='ocrx_word' id='word_1_17' title='bbox 55 487 199 556; x_wconf 83' lang='lat' dir='ltr'><strong>oseneio</strong></span> <span class='ocrx_word' id='word_1_18' title='bbox 223 490 286 570; x_wconf 86' lang='lat' dir='ltr'><strong>est3</strong></span> <span class='ocrx_word' id='word_1_19' title='bbox 308 508 385 551; x_wconf 87' lang='lat' dir='ltr'><strong>nam</strong></span> <span class='ocrx_word' id='word_1_20' title='bbox 408 484 560 570; x_wconf 90' lang='lat' dir='ltr'><strong>quioquid</strong></span> <span class='ocrx_word' id='word_1_21' title='bbox 584 489 720 569; x_wconf 79' lang='lat' dir='ltr'><strong>agimus,</strong></span> <span class='ocrx_word' id='word_1_22' title='bbox 742 487 780 548; x_wconf 94' lang='lat' dir='ltr'><strong>ut</strong></span> <span class='ocrx_word' id='word_1_23' title='bbox 802 485 860 549; x_wconf 87' lang='lat' dir='ltr'><strong>alii</strong></span> <span class='ocrx_word' id='word_1_24' title='bbox 882 485 964 569; x_wconf 88' lang='lat' dir='ltr'><strong>fato,</strong></span> <span class='ocrx_word' id='word_1_25' title='bbox 988 487 1039 550; x_wconf 89' lang='lat' dir='ltr'><strong>ita</strong></span> <span class='ocrx_word' id='word_1_26' title='bbox 1056 507 1108 550; x_wconf 91' lang='lat' dir='ltr'><strong>uos</strong></span> 
     </span>
     <span class='ocr_line' id='line_1_5' title="bbox 91 574 1107 658; baseline -0.003 -16"><span class='ocrx_word' id='word_1_27' title='bbox 91 577 151 642; x_wconf 88' lang='lat' dir='ltr'><strong>deo</strong></span> <span class='ocrx_word' id='word_1_28' title='bbox 179 575 287 640; x_wconf 89' lang='lat' dir='ltr'><strong>dicitis</strong></span> <span class='ocrx_word' id='word_1_29' title='bbox 447 574 494 638; x_wconf 94' lang='lat' dir='ltr'><strong>sio</strong></span> <span class='ocrx_word' id='word_1_30' title='bbox 521 577 629 638; x_wconf 88' lang='lat' dir='ltr'><strong>sectae</strong></span> <span class='ocrx_word' id='word_1_31' title='bbox 656 576 785 638; x_wconf 85' lang='lat' dir='ltr'><strong>uestrae</strong></span> <span class='ocrx_word' id='word_1_32' title='bbox 812 595 882 638; x_wconf 91' lang='lat' dir='ltr'><strong>non</strong></span> <span class='ocrx_word' id='word_1_33' title='bbox 912 577 1107 658; x_wconf 88' lang='lat' dir='ltr'><strong>spontaneos</strong></span> 
     </span>
     <span class='ocr_line' id='line_1_6' title="bbox 57 662 1135 749; baseline -0.004 -18"><span class='ocrx_word' id='word_1_34' title='bbox 57 682 225 749; x_wconf 69' lang='lat' dir='ltr'><strong>tenpore,</strong></span> <span class='ocrx_word' id='word_1_35' title='bbox 255 663 311 728; x_wconf 88' lang='lat' dir='ltr'><strong>sed</strong></span> <span class='ocrx_word' id='word_1_36' title='bbox 338 663 469 729; x_wconf 86' lang='lat' dir='ltr'><strong>electos.</strong></span> <span class='ocrx_word' id='word_1_37' title='bbox 509 662 610 747; x_wconf 80' lang='lat' dir='ltr'><strong>igitur</strong></span> <span class='ocrx_word' id='word_1_38' title='bbox 637 662 785 746; x_wconf 90' lang='lat' dir='ltr'><strong>iniquum</strong></span> <span class='ocrx_word' id='word_1_39' title='bbox 811 662 952 728; x_wconf 90' lang='lat' dir='ltr'><strong>indicem</strong></span> <span class='ocrx_word' id='word_1_40' title='bbox 977 663 1135 745; x_wconf 68' lang='lat' dir='ltr'><strong>fingitisl</strong></span> 
     </span>
     <span class='ocr_line' id='line_1_7' title="bbox 93 751 1106 838; baseline -0.001 -20"><span class='ocrx_word' id='word_1_41' title='bbox 93 754 149 838; x_wconf 89' lang='lat' dir='ltr'><strong>qui</strong></span> <span class='ocrx_word' id='word_1_42' title='bbox 186 755 308 818; x_wconf 91' lang='lat' dir='ltr'><strong>sortem</strong></span> <span class='ocrx_word' id='word_1_43' title='bbox 346 751 381 816; x_wconf 93' lang='lat' dir='ltr'><strong>in</strong></span> <span class='ocrx_word' id='word_1_44' title='bbox 412 751 601 816; x_wconf 90' lang='lat' dir='ltr'><strong>hominibus</strong></span> <span class='ocrx_word' id='word_1_45' title='bbox 634 751 762 834; x_wconf 82' lang='lat' dir='ltr'><strong>puniat,</strong></span> <span class='ocrx_word' id='word_1_46' title='bbox 797 773 864 816; x_wconf 91' lang='lat' dir='ltr'><strong>non</strong></span> <span class='ocrx_word' id='word_1_47' title='bbox 896 751 1106 817; x_wconf 85' lang='lat' dir='ltr'><strong>uoluntatem</strong></span> 
     </span>
     <span class='ocr_line' id='line_1_8' title="bbox 92 839 1108 924; baseline -0.002 -18"><span class='ocrx_word' id='word_1_48' title='bbox 92 843 210 906; x_wconf 89' lang='lat' dir='ltr'><strong>uellem</strong></span> <span class='ocrx_word' id='word_1_49' title='bbox 238 845 349 905; x_wconf 88' lang='lat' dir='ltr'><strong>tamen</strong></span> <span class='ocrx_word' id='word_1_50' title='bbox 377 839 550 922; x_wconf 85' lang='lat' dir='ltr'><strong>sciscitari,</strong></span> <span class='ocrx_word' id='word_1_51' title='bbox 577 841 726 904; x_wconf 87' lang='lat' dir='ltr'><strong>utrumne</strong></span> <span class='ocrx_word' id='word_1_52' title='bbox 755 861 829 904; x_wconf 91' lang='lat' dir='ltr'><strong>cum</strong></span> <span class='ocrx_word' id='word_1_53' title='bbox 852 840 1050 924; x_wconf 86' lang='lat' dir='ltr'><strong>corporibus</strong></span> <span class='ocrx_word' id='word_1_54' title='bbox 1071 862 1108 905; x_wconf 85' lang='lat' dir='ltr'><strong>un</strong></span> 
     </span>
     <span class='ocr_line' id='line_1_9' title="bbox 92 927 1107 1013; baseline -0.002 -17"><span class='ocrx_word' id='word_1_55' title='bbox 92 932 159 996; x_wconf 84' lang='lat' dir='ltr'><strong>sine</strong></span> <span class='ocrx_word' id='word_1_56' title='bbox 181 929 365 1013; x_wconf 67' lang='lat' dir='ltr'><strong>oorpnibus</strong></span> <span class='ocrx_word' id='word_1_57' title='bbox 389 933 423 993; x_wconf 87' lang='lat' dir='ltr'><strong>et</strong></span> <span class='ocrx_word' id='word_1_58' title='bbox 445 927 634 1012; x_wconf 87' lang='lat' dir='ltr'><strong>corporibus</strong></span> <span class='ocrx_word' id='word_1_59' title='bbox 658 928 785 1012; x_wconf 89' lang='lat' dir='ltr'><strong>quibus,</strong></span> <span class='ocrx_word' id='word_1_60' title='bbox 807 928 931 1012; x_wconf 85' lang='lat' dir='ltr'><strong>ipsisne</strong></span> <span class='ocrx_word' id='word_1_61' title='bbox 955 951 1001 994; x_wconf 87' lang='lat' dir='ltr'><strong>an</strong></span> <span class='ocrx_word' id='word_1_62' title='bbox 1023 930 1107 994; x_wconf 91' lang='lat' dir='ltr'><strong>inno·</strong></span> 
     </span>
     <span class='ocr_line' id='line_1_10' title="bbox 94 1016 1107 1102; baseline -0.001 -19"><span class='ocrx_word' id='word_1_63' title='bbox 94 1019 188 1101; x_wconf 82' lang='lat' dir='ltr'><strong>uatis,</strong></span> <span class='ocrx_word' id='word_1_64' title='bbox 211 1017 420 1102; x_wconf 72' lang='lat' dir='ltr'><strong>resurgitur?</strong></span> <span class='ocrx_word' id='word_1_65' title='bbox 445 1018 514 1082; x_wconf 91' lang='lat' dir='ltr'><strong>sine</strong></span> <span class='ocrx_word' id='word_1_66' title='bbox 538 1016 694 1101; x_wconf 82' lang='lat' dir='ltr'><strong>corpore?</strong></span> <span class='ocrx_word' id='word_1_67' title='bbox 716 1016 788 1100; x_wconf 91' lang='lat' dir='ltr'><strong>hoc,</strong></span> <span class='ocrx_word' id='word_1_68' title='bbox 811 1017 900 1102; x_wconf 91' lang='lat' dir='ltr'><strong>quod</strong></span> <span class='ocrx_word' id='word_1_69' title='bbox 923 1018 1039 1102; x_wconf 85' lang='lat' dir='ltr'><strong>sciam,</strong></span> <span class='ocrx_word' id='word_1_70' title='bbox 1058 1040 1107 1082; x_wconf 80' lang='lat' dir='ltr'><strong>ne</strong></span> 
     </span>
     <span class='ocr_line' id='line_1_11' title="bbox 94 1105 1136 1191; baseline 0.001 -20"><span class='ocrx_word' id='word_1_71' title='bbox 94 1129 157 1191; x_wconf 90' lang='lat' dir='ltr'><strong>qne</strong></span> <span class='ocrx_word' id='word_1_72' title='bbox 185 1127 277 1172; x_wconf 86' lang='lat' dir='ltr'><strong>mens</strong></span> <span class='ocrx_word' id='word_1_73' title='bbox 305 1127 410 1190; x_wconf 89' lang='lat' dir='ltr'><strong>neque</strong></span> <span class='ocrx_word' id='word_1_74' title='bbox 439 1106 548 1170; x_wconf 89' lang='lat' dir='ltr'><strong>anima</strong></span> <span class='ocrx_word' id='word_1_75' title='bbox 574 1126 634 1169; x_wconf 89' lang='lat' dir='ltr'><strong>nec</strong></span> <span class='ocrx_word' id='word_1_76' title='bbox 660 1105 731 1170; x_wconf 89' lang='lat' dir='ltr'><strong>uita</strong></span> <span class='ocrx_word' id='word_1_77' title='bbox 755 1109 816 1170; x_wconf 88' lang='lat' dir='ltr'><strong>est.</strong></span> <span class='ocrx_word' id='word_1_78' title='bbox 855 1106 930 1189; x_wconf 92' lang='lat' dir='ltr'><strong>ipso</strong></span> <span class='ocrx_word' id='word_1_79' title='bbox 954 1106 1136 1190; x_wconf 74' lang='lat' dir='ltr'><strong>corporelll</strong></span> 
     </span>
     <span class='ocr_line' id='line_1_12' title="bbox 94 1194 1105 1279; baseline 0 -20"><span class='ocrx_word' id='word_1_80' title='bbox 94 1195 150 1260; x_wconf 90' lang='lat' dir='ltr'><strong>scd</strong></span> <span class='ocrx_word' id='word_1_81' title='bbox 174 1196 239 1259; x_wconf 87' lang='lat' dir='ltr'><strong>iam</strong></span> <span class='ocrx_word' id='word_1_82' title='bbox 263 1197 338 1259; x_wconf 89' lang='lat' dir='ltr'><strong>ante</strong></span> <span class='ocrx_word' id='word_1_83' title='bbox 361 1194 524 1279; x_wconf 90' lang='lat' dir='ltr'><strong>dilapsum</strong></span> <span class='ocrx_word' id='word_1_84' title='bbox 547 1197 607 1260; x_wconf 80' lang='lat' dir='ltr'><strong>est</strong></span> <span class='ocrx_word' id='word_1_85' title='bbox 643 1194 707 1259; x_wconf 89' lang='lat' dir='ltr'><strong>alio</strong></span> <span class='ocrx_word' id='word_1_86' title='bbox 731 1199 888 1278; x_wconf 81' lang='lat' dir='ltr'><strong>corpore?</strong></span> <span class='ocrx_word' id='word_1_87' title='bbox 913 1214 995 1278; x_wconf 81' lang='lat' dir='ltr'><strong>ergo</strong></span> <span class='ocrx_word' id='word_1_88' title='bbox 1014 1195 1105 1259; x_wconf 92' lang='lat' dir='ltr'><strong>homo</strong></span> 
     </span>
     <span class='ocr_line' id='line_1_13' title="bbox 58 1281 1107 1366; baseline -0.002 -16"><span class='ocrx_word' id='word_1_89' title='bbox 58 1301 198 1350; x_wconf 86' lang='lat' dir='ltr'><strong>8nouus</strong></span> <span class='ocrx_word' id='word_1_90' title='bbox 231 1281 389 1366; x_wconf 82' lang='lat' dir='ltr'><strong>nascitur,</strong></span> <span class='ocrx_word' id='word_1_91' title='bbox 420 1303 487 1346; x_wconf 93' lang='lat' dir='ltr'><strong>non</strong></span> <span class='ocrx_word' id='word_1_92' title='bbox 519 1282 610 1365; x_wconf 89' lang='lat' dir='ltr'><strong>prior</strong></span> <span class='ocrx_word' id='word_1_93' title='bbox 636 1282 694 1346; x_wconf 90' lang='lat' dir='ltr'><strong>ille</strong></span> <span class='ocrx_word' id='word_1_94' title='bbox 720 1287 897 1365; x_wconf 89' lang='lat' dir='ltr'><strong>reparetur.</strong></span> <span class='ocrx_word' id='word_1_95' title='bbox 940 1287 976 1347; x_wconf 92' lang='lat' dir='ltr'><strong>et</strong></span> <span class='ocrx_word' id='word_1_96' title='bbox 1003 1287 1107 1348; x_wconf 86' lang='lat' dir='ltr'><strong>temen</strong></span> 
     </span>
     <span class='ocr_line' id='line_1_14' title="bbox 93 1370 1106 1456; baseline 0.003 -22"><span class='ocrx_word' id='word_1_97' title='bbox 93 1375 186 1436; x_wconf 86' lang='lat' dir='ltr'><strong>tanta</strong></span> <span class='ocrx_word' id='word_1_98' title='bbox 217 1373 307 1435; x_wconf 86' lang='lat' dir='ltr'><strong>aetas</strong></span> <span class='ocrx_word' id='word_1_99' title='bbox 339 1370 434 1454; x_wconf 88' lang='lat' dir='ltr'><strong>abiit,</strong></span> <span class='ocrx_word' id='word_1_100' title='bbox 466 1371 596 1435; x_wconf 86' lang='lat' dir='ltr'><strong>saecula</strong></span> <span class='ocrx_word' id='word_1_101' title='bbox 626 1371 796 1435; x_wconf 86' lang='lat' dir='ltr'><strong>innumera</strong></span> <span class='ocrx_word' id='word_1_102' title='bbox 827 1370 1009 1437; x_wconf 86' lang='lat' dir='ltr'><strong>fluxerunt:</strong></span> <span class='ocrx_word' id='word_1_103' title='bbox 1041 1372 1106 1456; x_wconf 92' lang='lat' dir='ltr'><strong>quis</strong></span> 
     </span>
     <span class='ocr_line' id='line_1_15' title="bbox 93 1458 1107 1544; baseline 0.001 -20"><span class='ocrx_word' id='word_1_104' title='bbox 93 1481 176 1524; x_wconf 91' lang='lat' dir='ltr'><strong>unus</strong></span> <span class='ocrx_word' id='word_1_105' title='bbox 208 1458 295 1523; x_wconf 90' lang='lat' dir='ltr'><strong>ullus</strong></span> <span class='ocrx_word' id='word_1_106' title='bbox 327 1458 368 1523; x_wconf 86' lang='lat' dir='ltr'><strong>ab</strong></span> <span class='ocrx_word' id='word_1_107' title='bbox 400 1458 512 1523; x_wconf 85' lang='lat' dir='ltr'><strong>inferis</strong></span> <span class='ocrx_word' id='word_1_108' title='bbox 545 1460 599 1523; x_wconf 91' lang='lat' dir='ltr'><strong>uel</strong></span> <span class='ocrx_word' id='word_1_109' title='bbox 625 1458 798 1524; x_wconf 79' lang='lat' dir='ltr'><strong>Protesilai</strong></span> <span class='ocrx_word' id='word_1_110' title='bbox 827 1463 916 1524; x_wconf 86' lang='lat' dir='ltr'><strong>sorte</strong></span> <span class='ocrx_word' id='word_1_111' title='bbox 945 1461 1107 1544; x_wconf 85' lang='lat' dir='ltr'><strong>remeauit,</strong></span> 
     </span>
     <span class='ocr_line' id='line_1_16' title="bbox 92 1547 1137 1632; baseline 0.002 -21"><span class='ocrx_word' id='word_1_112' title='bbox 92 1547 249 1613; x_wconf 88' lang='lat' dir='ltr'><strong>horarum</strong></span> <span class='ocrx_word' id='word_1_113' title='bbox 268 1547 384 1613; x_wconf 87' lang='lat' dir='ltr'><strong>saltem</strong></span> <span class='ocrx_word' id='word_1_114' title='bbox 403 1548 563 1631; x_wconf 88' lang='lat' dir='ltr'><strong>permisso</strong></span> <span class='ocrx_word' id='word_1_115' title='bbox 583 1552 766 1612; x_wconf 88' lang='lat' dir='ltr'><strong>commeatu</strong></span> <span class='ocrx_word' id='word_1_116' title='bbox 779 1548 889 1630; x_wconf 86' lang='lat' dir='ltr'><strong>trium,</strong></span> <span class='ocrx_word' id='word_1_117' title='bbox 908 1552 947 1613; x_wconf 91' lang='lat' dir='ltr'><strong>nt</strong></span> <span class='ocrx_word' id='word_1_118' title='bbox 966 1550 1137 1632; x_wconf 74' lang='lat' dir='ltr'><strong>exemplos</strong></span> 
     </span>
     <span class='ocr_line' id='line_1_17' title="bbox 59 1636 1107 1722; baseline -0.001 -19"><span class='ocrx_word' id='word_1_119' title='bbox 59 1655 75 1703; x_wconf 82' lang='grc'><strong>9</strong></span> <span class='ocrx_word' id='word_1_120' title='bbox 95 1636 323 1702; x_wconf 82' lang='lat' dir='ltr'><strong>crederemus?</strong></span> <span class='ocrx_word' id='word_1_121' title='bbox 342 1636 452 1702; x_wconf 87' lang='lat' dir='ltr'><strong>omnia</strong></span> <span class='ocrx_word' id='word_1_122' title='bbox 469 1637 535 1701; x_wconf 88' lang='lat' dir='ltr'><strong>ista</strong></span> <span class='ocrx_word' id='word_1_123' title='bbox 553 1636 711 1721; x_wconf 82' lang='lat' dir='ltr'><strong>figmenta</strong></span> <span class='ocrx_word' id='word_1_124' title='bbox 730 1637 815 1701; x_wconf 90' lang='lat' dir='ltr'><strong>male</strong></span> <span class='ocrx_word' id='word_1_125' title='bbox 834 1658 932 1701; x_wconf 85' lang='lat' dir='ltr'><strong>sanae</strong></span> <span class='ocrx_word' id='word_1_126' title='bbox 948 1638 1107 1722; x_wconf 90' lang='lat' dir='ltr'><strong>opinionis</strong></span> 
     </span>
     <span class='ocr_line' id='line_1_18' title="bbox 95 1725 1108 1809; baseline 0 -19"><span class='ocrx_word' id='word_1_127' title='bbox 95 1729 127 1790; x_wconf 92' lang='lat' dir='ltr'><strong>et</strong></span> <span class='ocrx_word' id='word_1_128' title='bbox 159 1727 272 1809; x_wconf 89' lang='lat' dir='ltr'><strong>inepta</strong></span> <span class='ocrx_word' id='word_1_129' title='bbox 304 1726 425 1790; x_wconf 85' lang='lat' dir='ltr'><strong>solacia</strong></span> <span class='ocrx_word' id='word_1_130' title='bbox 453 1747 472 1789; x_wconf 87' lang='lat' dir='ltr'><strong>a</strong></span> <span class='ocrx_word' id='word_1_131' title='bbox 500 1726 605 1809; x_wconf 89' lang='lat' dir='ltr'><strong>poetis</strong></span> <span class='ocrx_word' id='word_1_132' title='bbox 637 1725 810 1790; x_wconf 87' lang='lat' dir='ltr'><strong>fallacibus</strong></span> <span class='ocrx_word' id='word_1_133' title='bbox 842 1726 877 1789; x_wconf 93' lang='lat' dir='ltr'><strong>in</strong></span> <span class='ocrx_word' id='word_1_134' title='bbox 908 1726 1108 1792; x_wconf 89' lang='lat' dir='ltr'><strong>dulcedinem</strong></span> 
     </span>
     <span class='ocr_line' id='line_1_19' title="bbox 96 1813 1107 1880; baseline 0 0"><span class='ocrx_word' id='word_1_135' title='bbox 96 1815 249 1880; x_wconf 83' lang='lat' dir='ltr'><strong>carminis</strong></span> <span class='ocrx_word' id='word_1_136' title='bbox 290 1815 362 1879; x_wconf 89' lang='lat' dir='ltr'><strong>lusa</strong></span> <span class='ocrx_word' id='word_1_137' title='bbox 399 1837 418 1878; x_wconf 90' lang='lat' dir='ltr'><strong>a</strong></span> <span class='ocrx_word' id='word_1_138' title='bbox 453 1813 548 1879; x_wconf 90' lang='lat' dir='ltr'><strong>uobis</strong></span> <span class='ocrx_word' id='word_1_139' title='bbox 589 1813 728 1878; x_wconf 90' lang='lat' dir='ltr'><strong>nimium</strong></span> <span class='ocrx_word' id='word_1_140' title='bbox 769 1813 907 1878; x_wconf 88' lang='lat' dir='ltr'><strong>credulis</strong></span> <span class='ocrx_word' id='word_1_141' title='bbox 945 1815 982 1879; x_wconf 90' lang='lat' dir='ltr'><strong>in</strong></span> <span class='ocrx_word' id='word_1_142' title='bbox 1019 1815 1107 1880; x_wconf 91' lang='lat' dir='ltr'><strong>deum</strong></span> 
     </span>
     <span class='ocr_line' id='line_1_20' title="bbox 45 1901 1107 1988; baseline 0 -21"><span class='ocrx_word' id='word_1_143' title='bbox 45 1901 242 1968; x_wconf 76' lang='lat' dir='ltr'><strong>12uestrum</strong></span> <span class='ocrx_word' id='word_1_144' title='bbox 264 1903 404 1985; x_wconf 79' lang='lat' dir='ltr'><strong>turpiter</strong></span> <span class='ocrx_word' id='word_1_145' title='bbox 426 1902 602 1967; x_wconf 86' lang='lat' dir='ltr'><strong>reformata</strong></span> <span class='ocrx_word' id='word_1_146' title='bbox 626 1906 710 1967; x_wconf 90' lang='lat' dir='ltr'><strong>sunt.</strong></span> <span class='ocrx_word' id='word_1_147' title='bbox 746 1923 806 1968; x_wconf 88' lang='lat' dir='ltr'><strong>neo</strong></span> <span class='ocrx_word' id='word_1_148' title='bbox 825 1902 944 1968; x_wconf 89' lang='lat' dir='ltr'><strong>saltem</strong></span> <span class='ocrx_word' id='word_1_149' title='bbox 963 1903 1004 1969; x_wconf 89' lang='grc'><strong>(16</strong></span> <span class='ocrx_word' id='word_1_150' title='bbox 1024 1925 1107 1988; x_wconf 83' lang='lat' dir='ltr'><strong>prae</strong></span> 
     </span>
     <span class='ocr_line' id='line_1_21' title="bbox 96 1991 1136 2076; baseline -0.003 -18"><span class='ocrx_word' id='word_1_151' title='bbox 96 1992 241 2058; x_wconf 87' lang='lat' dir='ltr'><strong>sentibus</strong></span> <span class='ocrx_word' id='word_1_152' title='bbox 270 1992 385 2076; x_wconf 88' lang='lat' dir='ltr'><strong>capitis</strong></span> <span class='ocrx_word' id='word_1_153' title='bbox 410 1991 677 2075; x_wconf 81' lang='lat' dir='ltr'><strong>experimentum,</strong></span> <span class='ocrx_word' id='word_1_154' title='bbox 705 2013 801 2074; x_wconf 90' lang='lat' dir='ltr'><strong>quam</strong></span> <span class='ocrx_word' id='word_1_155' title='bbox 824 2013 883 2056; x_wconf 92' lang='lat' dir='ltr'><strong>uos</strong></span> <span class='ocrx_word' id='word_1_156' title='bbox 906 1991 1027 2056; x_wconf 89' lang='lat' dir='ltr'><strong>inritae</strong></span> <span class='ocrx_word' id='word_1_157' title='bbox 1051 1993 1136 2057; x_wconf 81' lang='lat' dir='ltr'><strong>sol-n</strong></span> 
     </span>
    </p>
   </div>
   <div class='ocr_carea' id='block_1_3' title="bbox 60 2080 1135 2696">
    <p class='ocr_par' dir='ltr' id='par_1_3' title="bbox 60 2080 1135 2696">
     <span class='ocr_line' id='line_1_22' title="bbox 96 2080 1107 2164; baseline 0.002 -21"><span class='ocrx_word' id='word_1_158' title='bbox 96 2081 285 2146; x_wconf 87' lang='lat' dir='ltr'><strong>licitationis</strong></span> <span class='ocrx_word' id='word_1_159' title='bbox 319 2103 412 2144; x_wconf 89' lang='lat' dir='ltr'><strong>cassa</strong></span> <span class='ocrx_word' id='word_1_160' title='bbox 444 2084 522 2146; x_wconf 87' lang='lat' dir='ltr'><strong>uota</strong></span> <span class='ocrx_word' id='word_1_161' title='bbox 554 2080 730 2162; x_wconf 88' lang='lat' dir='ltr'><strong>decipiant:</strong></span> <span class='ocrx_word' id='word_1_162' title='bbox 763 2080 839 2164; x_wconf 90' lang='lat' dir='ltr'><strong>quid</strong></span> <span class='ocrx_word' id='word_1_163' title='bbox 868 2085 944 2163; x_wconf 90' lang='lat' dir='ltr'><strong>post</strong></span> <span class='ocrx_word' id='word_1_164' title='bbox 972 2084 1107 2147; x_wconf 73' lang='lat' dir='ltr'><strong>mo&#39;rtem</strong></span> 
     </span>
     <span class='ocr_line' id='line_1_23' title="bbox 60 2162 1106 2254; baseline 0 -20"><span class='ocrx_word' id='word_1_165' title='bbox 60 2187 76 2234; x_wconf 85' lang='grc'><strong>1</strong></span> <span class='ocrx_word' id='word_1_166' title='bbox 96 2169 280 2254; x_wconf 79' lang='lat' dir='ltr'><strong>inpendent,</strong></span> <span class='ocrx_word' id='word_1_167' title='bbox 303 2170 422 2250; x_wconf 90' lang='lat' dir='ltr'><strong>miseri,</strong></span> <span class='ocrx_word' id='word_1_168' title='bbox 445 2175 520 2232; x_wconf 90' lang='lat' dir='ltr'><strong>dum</strong></span> <span class='ocrx_word' id='word_1_169' title='bbox 544 2168 647 2233; x_wconf 88' lang='lat' dir='ltr'><strong>adhue</strong></span> <span class='ocrx_word' id='word_1_170' title='bbox 671 2162 794 2252; x_wconf 85' lang='lat' dir='ltr'><strong>uiuitis,</strong></span> <span class='ocrx_word' id='word_1_171' title='bbox 817 2169 1000 2234; x_wconf 87' lang='lat' dir='ltr'><strong>aestimate.</strong></span> <span class='ocrx_word' id='word_1_172' title='bbox 1041 2192 1106 2235; x_wconf 89' lang='lat' dir='ltr'><strong>ecce</strong></span> 
     </span>
     <span class='ocr_line' id='line_1_24' title="bbox 95 2257 1106 2343; baseline -0.001 -21"><span class='ocrx_word' id='word_1_173' title='bbox 95 2281 170 2342; x_wconf 88' lang='lat' dir='ltr'><strong>pars</strong></span> <span class='ocrx_word' id='word_1_174' title='bbox 189 2263 341 2341; x_wconf 83' lang='lat' dir='ltr'><strong>uestrum,</strong></span> <span class='ocrx_word' id='word_1_175' title='bbox 364 2257 468 2323; x_wconf 91' lang='lat' dir='ltr'><strong>maior</strong></span> <span class='ocrx_word' id='word_1_176' title='bbox 487 2262 520 2322; x_wconf 89' lang='lat' dir='ltr'><strong>et</strong></span> <span class='ocrx_word' id='word_1_177' title='bbox 538 2257 661 2338; x_wconf 85' lang='lat' dir='ltr'><strong>melior,</strong></span> <span class='ocrx_word' id='word_1_178' title='bbox 684 2261 721 2321; x_wconf 91' lang='lat' dir='ltr'><strong>ut</strong></span> <span class='ocrx_word' id='word_1_179' title='bbox 740 2257 857 2341; x_wconf 86' lang='lat' dir='ltr'><strong>dicitis,</strong></span> <span class='ocrx_word' id='word_1_180' title='bbox 881 2258 985 2342; x_wconf 86' lang='lat' dir='ltr'><strong>egetis</strong></span> <span class='ocrx_word' id='word_1_181' title='bbox 1007 2280 1106 2343; x_wconf 87' lang='lat' dir='ltr'><strong>opere,</strong></span> 
     </span>
     <span class='ocr_line' id='line_1_25' title="bbox 96 2344 1106 2430; baseline 0.002 -20"><span class='ocrx_word' id='word_1_182' title='bbox 96 2346 229 2429; x_wconf 81' lang='lat' dir='ltr'><strong>algetis,</strong></span> <span class='ocrx_word' id='word_1_183' title='bbox 261 2344 346 2409; x_wconf 89' lang='lat' dir='ltr'><strong>fame</strong></span> <span class='ocrx_word' id='word_1_184' title='bbox 374 2346 545 2430; x_wconf 82' lang='lat' dir='ltr'><strong>laboratis3</strong></span> <span class='ocrx_word' id='word_1_185' title='bbox 579 2350 612 2411; x_wconf 91' lang='lat' dir='ltr'><strong>et</strong></span> <span class='ocrx_word' id='word_1_186' title='bbox 641 2346 718 2410; x_wconf 91' lang='lat' dir='ltr'><strong>deus</strong></span> <span class='ocrx_word' id='word_1_187' title='bbox 745 2347 884 2430; x_wconf 85' lang='lat' dir='ltr'><strong>patitur,</strong></span> <span class='ocrx_word' id='word_1_188' title='bbox 916 2346 1106 2429; x_wconf 78' lang='lat' dir='ltr'><strong>dissimulat,</strong></span> 
     </span>
     <span class='ocr_line' id='line_1_26' title="bbox 94 2434 1135 2516; baseline 0.001 -17"><span class='ocrx_word' id='word_1_189' title='bbox 94 2457 161 2499; x_wconf 91' lang='lat' dir='ltr'><strong>non</strong></span> <span class='ocrx_word' id='word_1_190' title='bbox 183 2434 254 2497; x_wconf 88' lang='lat' dir='ltr'><strong>uult</strong></span> <span class='ocrx_word' id='word_1_191' title='bbox 278 2437 334 2496; x_wconf 86' lang='lat' dir='ltr'><strong>aut</strong></span> <span class='ocrx_word' id='word_1_192' title='bbox 357 2456 424 2498; x_wconf 91' lang='lat' dir='ltr'><strong>non</strong></span> <span class='ocrx_word' id='word_1_193' title='bbox 446 2438 556 2516; x_wconf 91' lang='lat' dir='ltr'><strong>potest</strong></span> <span class='ocrx_word' id='word_1_194' title='bbox 579 2435 734 2516; x_wconf 87' lang='lat' dir='ltr'><strong>opitulari</strong></span> <span class='ocrx_word' id='word_1_195' title='bbox 758 2435 836 2499; x_wconf 92' lang='lat' dir='ltr'><strong>suis:</strong></span> <span class='ocrx_word' id='word_1_196' title='bbox 866 2436 913 2499; x_wconf 88' lang='lat' dir='ltr'><strong>ita</strong></span> <span class='ocrx_word' id='word_1_197' title='bbox 938 2440 996 2500; x_wconf 85' lang='lat' dir='ltr'><strong>aut</strong></span> <span class='ocrx_word' id='word_1_198' title='bbox 1020 2437 1135 2500; x_wconf 79' lang='lat' dir='ltr'><strong>iuna-²⁵</strong></span> 
     </span>
     <span class='ocr_line' id='line_1_27' title="bbox 60 2521 1108 2608; baseline -0.001 -18"><span class='ocrx_word' id='word_1_199' title='bbox 60 2522 179 2590; x_wconf 78' lang='lat' dir='ltr'><strong>slidus</strong></span> <span class='ocrx_word' id='word_1_200' title='bbox 209 2527 265 2588; x_wconf 89' lang='lat' dir='ltr'><strong>ant</strong></span> <span class='ocrx_word' id='word_1_201' title='bbox 292 2521 422 2606; x_wconf 91' lang='lat' dir='ltr'><strong>iniquus</strong></span> <span class='ocrx_word' id='word_1_202' title='bbox 451 2525 510 2587; x_wconf 89' lang='lat' dir='ltr'><strong>est.</strong></span> <span class='ocrx_word' id='word_1_203' title='bbox 546 2526 596 2605; x_wconf 90' lang='lat' dir='ltr'><strong>tu,</strong></span> <span class='ocrx_word' id='word_1_204' title='bbox 625 2524 681 2606; x_wconf 91' lang='lat' dir='ltr'><strong>qui</strong></span> <span class='ocrx_word' id='word_1_205' title='bbox 704 2523 974 2589; x_wconf 81' lang='lat' dir='ltr'><strong>inmortalitatem</strong></span> <span class='ocrx_word' id='word_1_206' title='bbox 1001 2528 1108 2608; x_wconf 91' lang='lat' dir='ltr'><strong>postu·</strong></span> 
     </span>
     <span class='ocr_line' id='line_1_28' title="bbox 96 2611 1107 2696; baseline 0 -21"><span class='ocrx_word' id='word_1_207' title='bbox 96 2634 182 2676; x_wconf 88' lang='lat' dir='ltr'><strong>mam</strong></span> <span class='ocrx_word' id='word_1_208' title='bbox 211 2611 367 2696; x_wconf 83' lang='lat' dir='ltr'><strong>somnias,</strong></span> <span class='ocrx_word' id='word_1_209' title='bbox 395 2632 468 2675; x_wconf 91' lang='lat' dir='ltr'><strong>cum</strong></span> <span class='ocrx_word' id='word_1_210' title='bbox 496 2632 648 2695; x_wconf 85' lang='lat' dir='ltr'><strong>qneroera</strong></span> <span class='ocrx_word' id='word_1_211' title='bbox 676 2612 836 2696; x_wconf 84' lang='lat' dir='ltr'><strong>quateris,</strong></span> <span class='ocrx_word' id='word_1_212' title='bbox 864 2634 938 2676; x_wconf 90' lang='lat' dir='ltr'><strong>cum</strong></span> <span class='ocrx_word' id='word_1_213' title='bbox 965 2612 1107 2677; x_wconf 83' lang='lat' dir='ltr'><strong>febribus</strong></span> 
     </span>
    </p>
   </div>
   <div class='ocr_carea' id='block_1_4' title="bbox 96 2803 1112 3583">
    <p class='ocr_par' dir='ltr' id='par_1_4' title="bbox 96 2803 1112 3583">
     <span class='ocr_line' id='line_1_29' title="bbox 167 2803 1109 2873; baseline 0.002 -16"><span class='ocrx_word' id='word_1_214' title='bbox 167 2810 183 2857; x_wconf 92' lang='grc'><strong>1</strong></span> <span class='ocrx_word' id='word_1_215' title='bbox 209 2805 346 2858; x_wconf 88' lang='lat' dir='ltr'><strong>assentior</strong></span> <span class='ocrx_word' id='word_1_216' title='bbox 369 2803 468 2858; x_wconf 79' lang='lat' dir='ltr'><strong>addidi</strong></span> <span class='ocrx_word' id='word_1_217' title='bbox 489 2803 565 2872; x_wconf 91' lang='lat' dir='ltr'><strong>(noui</strong></span> <span class='ocrx_word' id='word_1_218' title='bbox 583 2809 648 2873; x_wconf 82' lang='lat' dir='ltr'><strong>posi</strong></span> <span class='ocrx_word' id='word_1_219' title='bbox 665 2804 848 2873; x_wconf 88' lang='lat' dir='ltr'><strong>plurimorum</strong></span> <span class='ocrx_word' id='word_1_220' title='bbox 872 2803 1030 2870; x_wconf 77' lang='lat' dir='ltr'><strong>Votienus;</strong></span> <span class='ocrx_word' id='word_1_221' title='bbox 1053 2821 1109 2859; x_wconf 90' lang='lat' dir='ltr'><strong>sen·</strong></span> 
     </span>
     <span class='ocr_line' id='line_1_30' title="bbox 96 2874 1109 2944; baseline 0.002 -17"><span class='ocrx_word' id='word_1_222' title='bbox 96 2875 186 2928; x_wconf 88' lang='lat' dir='ltr'><strong>tentia</strong></span> <span class='ocrx_word' id='word_1_223' title='bbox 205 2876 243 2943; x_wconf 89' lang='lat' dir='ltr'><strong>pl.</strong></span> <span class='ocrx_word' id='word_1_224' title='bbox 264 2875 388 2942; x_wconf 80' lang='lat' dir='ltr'><strong>Ursinus,</strong></span> <span class='ocrx_word' id='word_1_225' title='bbox 403 2890 490 2943; x_wconf 80' lang='lat' dir='ltr'><strong>porro</strong></span> <span class='ocrx_word' id='word_1_226' title='bbox 509 2874 595 2930; x_wconf 86' lang='lat' dir='ltr'><strong>etiam</strong></span> <span class='ocrx_word' id='word_1_227' title='bbox 613 2877 707 2930; x_wconf 89' lang='lat' dir='ltr'><strong>uestra</strong></span> <span class='ocrx_word' id='word_1_228' title='bbox 723 2874 862 2944; x_wconf 74' lang='lat' dir='ltr'><strong>Gelenius)</strong></span> <span class='ocrx_word' id='word_1_229' title='bbox 877 2876 886 2944; x_wconf 77' lang='grc'><strong>11</strong></span> <span class='ocrx_word' id='word_1_230' title='bbox 901 2880 917 2928; x_wconf 83' lang='grc'>4</span> <span class='ocrx_word' id='word_1_231' title='bbox 933 2881 999 2943; x_wconf 81' lang='lat' dir='ltr'><strong>post</strong></span> <span class='ocrx_word' id='word_1_232' title='bbox 1018 2875 1109 2929; x_wconf 86' lang='lat' dir='ltr'><strong>dicitis</strong></span> 
     </span>
     <span class='ocr_line' id='line_1_31' title="bbox 101 2945 1110 3015; baseline -0.002 -15"><span class='ocrx_word' id='word_1_233' title='bbox 101 2945 234 3000; x_wconf 82' lang='lat' dir='ltr'><strong>Usenerus</strong></span> <span class='ocrx_word' id='word_1_234' title='bbox 253 2947 369 3000; x_wconf 82' lang='lat' dir='ltr'><strong>lacunae</strong></span> <span class='ocrx_word' id='word_1_235' title='bbox 387 2948 469 3015; x_wconf 83' lang='lat' dir='ltr'><strong>sipnu</strong></span> <span class='ocrx_word' id='word_1_236' title='bbox 483 2948 578 3014; x_wconf 78' lang='lat' dir='ltr'><strong>posuit</strong></span> <span class='ocrx_word' id='word_1_237' title='bbox 591 2946 600 3014; x_wconf 88' lang='lat' dir='ltr'><strong>l</strong></span> <span class='ocrx_word' id='word_1_238' title='bbox 616 2951 669 3015; x_wconf 78' lang='lat' dir='ltr'><strong>⁷,ss</strong></span> <span class='ocrx_word' id='word_1_239' title='bbox 689 2963 725 2999; x_wconf 92' lang='lat' dir='ltr'><strong>an</strong></span> <span class='ocrx_word' id='word_1_240' title='bbox 743 2946 803 3000; x_wconf 90' lang='lat' dir='ltr'><strong>sine</strong></span> <span class='ocrx_word' id='word_1_241' title='bbox 823 2945 986 3014; x_wconf 90' lang='lat' dir='ltr'><strong>corporibus</strong></span> <span class='ocrx_word' id='word_1_242' title='bbox 1002 2947 1110 3001; x_wconf 80' lang='lat' dir='ltr'><strong>addidit</strong></span> 
     </span>
     <span class='ocr_line' id='line_1_32' title="bbox 97 3017 1110 3086; baseline 0.003 -17"><span class='ocrx_word' id='word_1_243' title='bbox 97 3017 229 3071; x_wconf 85' lang='lat' dir='ltr'><strong>Halmius</strong></span> <span class='ocrx_word' id='word_1_244' title='bbox 247 3017 353 3084; x_wconf 89' lang='lat' dir='ltr'><strong>(utrum</strong></span> <span class='ocrx_word' id='word_1_245' title='bbox 372 3033 458 3071; x_wconf 89' lang='lat' dir='ltr'><strong>necne</strong></span> <span class='ocrx_word' id='word_1_246' title='bbox 478 3034 501 3072; x_wconf 94' lang='lat' dir='ltr'><strong>c.</strong></span> <span class='ocrx_word' id='word_1_247' title='bbox 521 3035 543 3071; x_wconf 88' lang='lat' dir='ltr'><strong>c.</strong></span> <span class='ocrx_word' id='word_1_248' title='bbox 563 3017 744 3084; x_wconf 82' lang='lat' dir='ltr'><strong>Donburtns)</strong></span> <span class='ocrx_word' id='word_1_249' title='bbox 763 3019 772 3085; x_wconf 75' lang='lat' dir='ltr'>n</span> <span class='ocrx_word' id='word_1_250' title='bbox 793 3023 825 3071; x_wconf 81' lang='lat' dir='ltr'><strong>lo</strong></span> <span class='ocrx_word' id='word_1_251' title='bbox 844 3018 930 3070; x_wconf 87' lang='lat' dir='ltr'><strong>trium</strong></span> <span class='ocrx_word' id='word_1_252' title='bbox 949 3020 982 3072; x_wconf 87' lang='lat' dir='ltr'><strong>ut</strong></span> <span class='ocrx_word' id='word_1_253' title='bbox 1000 3018 1110 3086; x_wconf 80' lang='lat' dir='ltr'><strong>scripsi:</strong></span> 
     </span>
     <span class='ocr_line' id='line_1_33' title="bbox 97 3087 1112 3157; baseline -0.001 -16"><span class='ocrx_word' id='word_1_254' title='bbox 97 3088 181 3142; x_wconf 88' lang='lat' dir='ltr'><strong>uelud</strong></span> <span class='ocrx_word' id='word_1_255' title='bbox 195 3093 215 3139; x_wconf 99' lang='lat' dir='ltr'>P</span> <span class='ocrx_word' id='word_1_256' title='bbox 228 3087 276 3141; x_wconf 90' lang='lat' dir='ltr'><strong>uel</strong></span> <span class='ocrx_word' id='word_1_257' title='bbox 294 3089 326 3140; x_wconf 91' lang='lat' dir='ltr'><strong>ut</strong></span> <span class='ocrx_word' id='word_1_258' title='bbox 339 3089 424 3156; x_wconf 83' lang='lat' dir='ltr'><strong>unlpo</strong></span> <span class='ocrx_word' id='word_1_259' title='bbox 439 3105 529 3155; x_wconf 81' lang='lat' dir='ltr'><strong>praue</strong></span> <span class='ocrx_word' id='word_1_260' title='bbox 544 3090 588 3156; x_wconf 93' lang='lat' dir='ltr'><strong>(ut</strong></span> <span class='ocrx_word' id='word_1_261' title='bbox 602 3089 661 3143; x_wconf 89' lang='lat' dir='ltr'><strong>eius</strong></span> <span class='ocrx_word' id='word_1_262' title='bbox 674 3088 813 3153; x_wconf 79' lang='lat' dir='ltr'><strong>Kooliius;</strong></span> <span class='ocrx_word' id='word_1_263' title='bbox 831 3087 917 3142; x_wconf 89' lang='lat' dir='ltr'><strong>trium</strong></span> <span class='ocrx_word' id='word_1_264' title='bbox 931 3092 998 3157; x_wconf 82' lang='lat' dir='ltr'><strong>post</strong></span> <span class='ocrx_word' id='word_1_265' title='bbox 1011 3087 1112 3142; x_wconf 83' lang='lat' dir='ltr'><strong>saltem</strong></span> 
     </span>
     <span class='ocr_line' id='line_1_34' title="bbox 98 3157 1112 3228; baseline -0.004 -14"><span class='ocrx_word' id='word_1_266' title='bbox 98 3160 166 3214; x_wconf 83' lang='lat' dir='ltr'><strong>addi</strong></span> <span class='ocrx_word' id='word_1_267' title='bbox 179 3159 269 3213; x_wconf 84' lang='lat' dir='ltr'><strong>uoluit</strong></span> <span class='ocrx_word' id='word_1_268' title='bbox 280 3157 429 3226; x_wconf 86' lang='lat' dir='ltr'><strong>Dauisius)</strong></span> <span class='ocrx_word' id='word_1_269' title='bbox 444 3161 453 3227; x_wconf 87' lang='lat' dir='ltr'><strong>l</strong></span> <span class='ocrx_word' id='word_1_270' title='bbox 469 3164 501 3212; x_wconf 92' lang='grc'><strong>17</strong></span> <span class='ocrx_word' id='word_1_271' title='bbox 516 3158 664 3214; x_wconf 88' lang='lat' dir='ltr'><strong>dulcedine</strong></span> <span class='ocrx_word' id='word_1_272' title='bbox 673 3165 701 3227; x_wconf 84' lang='lat' dir='ltr'><strong>P,</strong></span> <span class='ocrx_word' id='word_1_273' title='bbox 720 3175 789 3214; x_wconf 82' lang='lat' dir='ltr'><strong>corr.</strong></span> <span class='ocrx_word' id='word_1_274' title='bbox 805 3158 986 3227; x_wconf 81' lang='lat' dir='ltr'><strong>Woplcerisius</strong></span> <span class='ocrx_word' id='word_1_275' title='bbox 999 3161 1009 3228; x_wconf 90' lang='lat' dir='ltr'><strong>l</strong></span> <span class='ocrx_word' id='word_1_276' title='bbox 1025 3165 1058 3214; x_wconf 87' lang='lat'><strong>18</strong></span> <span class='ocrx_word' id='word_1_277' title='bbox 1073 3158 1112 3212; x_wconf 92' lang='lat' dir='ltr'><strong>ni-</strong></span> 
     </span>
     <span class='ocr_line' id='line_1_35' title="bbox 98 3228 1112 3298; baseline -0.002 -14"><span class='ocrx_word' id='word_1_278' title='bbox 98 3230 199 3284; x_wconf 88' lang='lat' dir='ltr'><strong>mirum</strong></span> <span class='ocrx_word' id='word_1_279' title='bbox 214 3235 242 3297; x_wconf 88' lang='lat' dir='ltr'><strong>P,</strong></span> <span class='ocrx_word' id='word_1_280' title='bbox 256 3245 325 3283; x_wconf 84' lang='lat' dir='ltr'><strong>sorr.</strong></span> <span class='ocrx_word' id='word_1_281' title='bbox 337 3228 465 3283; x_wconf 78' lang='lat' dir='ltr'><strong>Gelenius</strong></span> <span class='ocrx_word' id='word_1_282' title='bbox 479 3231 488 3298; x_wconf 84' lang='grc' dir='ltr'><strong>[Ι</strong></span> <span class='ocrx_word' id='word_1_283' title='bbox 504 3236 536 3283; x_wconf 85' lang='grc'><strong>19</strong></span> <span class='ocrx_word' id='word_1_284' title='bbox 552 3229 664 3284; x_wconf 86' lang='lat' dir='ltr'><strong>selitem</strong></span> <span class='ocrx_word' id='word_1_285' title='bbox 678 3235 742 3285; x_wconf 84' lang='lat' dir='ltr'><strong>unte</strong></span> <span class='ocrx_word' id='word_1_286' title='bbox 755 3246 883 3286; x_wconf 82' lang='lat' dir='ltr'><strong>rasurum</strong></span> <span class='ocrx_word' id='word_1_287' title='bbox 896 3235 916 3281; x_wconf 99' lang='lat' dir='ltr'>P</span> <span class='ocrx_word' id='word_1_288' title='bbox 929 3230 938 3298; x_wconf 76' lang='grc' dir='ltr'><strong>ΙΙ</strong></span> <span class='ocrx_word' id='word_1_289' title='bbox 953 3235 1042 3296; x_wconf 84' lang='grc'><strong>10,11</strong></span> <span class='ocrx_word' id='word_1_290' title='bbox 1059 3229 1112 3283; x_wconf 91' lang='lat' dir='ltr'><strong>sol-</strong></span> 
     </span>
     <span class='ocr_line' id='line_1_36' title="bbox 99 3300 1112 3370; baseline 0.002 -17"><span class='ocrx_word' id='word_1_291' title='bbox 99 3300 263 3356; x_wconf 84' lang='lat' dir='ltr'><strong>licitationis</strong></span> <span class='ocrx_word' id='word_1_292' title='bbox 278 3300 379 3368; x_wconf 80' lang='lat' dir='ltr'><strong>scripsi</strong></span> <span class='ocrx_word' id='word_1_293' title='bbox 393 3301 490 3368; x_wconf 86' lang='lat' dir='ltr'><strong>(snpra</strong></span> <span class='ocrx_word' id='word_1_294' title='bbox 500 3317 529 3369; x_wconf 81' lang='lat' dir='ltr'><strong>p.</strong></span> <span class='ocrx_word' id='word_1_295' title='bbox 542 3301 644 3368; x_wconf 86' lang='lat' dir='ltr'>XXV):</span> <span class='ocrx_word' id='word_1_296' title='bbox 660 3300 851 3370; x_wconf 86' lang='lat' dir='ltr'><strong>pollioationis</strong></span> <span class='ocrx_word' id='word_1_297' title='bbox 865 3306 885 3352; x_wconf 99' lang='lat' dir='ltr'>P</span> <span class='ocrx_word' id='word_1_298' title='bbox 898 3300 1112 3369; x_wconf 87' lang='lat' dir='ltr'><strong>pollicitationis</strong></span> 
     </span>
     <span class='ocr_line' id='line_1_37' title="bbox 100 3370 1111 3443; baseline -0.002 -17"><span class='ocrx_word' id='word_1_299' title='bbox 100 3374 183 3443; x_wconf 79' lang='lat' dir='ltr'><strong>uulpo</strong></span> <span class='ocrx_word' id='word_1_300' title='bbox 197 3375 206 3443; x_wconf 83' lang='grc' dir='ltr'><strong>ΙΙ</strong></span> <span class='ocrx_word' id='word_1_301' title='bbox 220 3378 254 3426; x_wconf 88' lang='grc'><strong>13</strong></span> <span class='ocrx_word' id='word_1_302' title='bbox 269 3371 359 3426; x_wconf 88' lang='lat' dir='ltr'><strong>maior</strong></span> <span class='ocrx_word' id='word_1_303' title='bbox 373 3374 402 3426; x_wconf 90' lang='lat' dir='ltr'><strong>et</strong></span> <span class='ocrx_word' id='word_1_304' title='bbox 416 3370 516 3425; x_wconf 87' lang='lat' dir='ltr'><strong>melior</strong></span> <span class='ocrx_word' id='word_1_305' title='bbox 534 3371 683 3427; x_wconf 79' lang='lat' dir='ltr'><strong>Votienus:</strong></span> <span class='ocrx_word' id='word_1_306' title='bbox 704 3375 733 3427; x_wconf 89' lang='lat' dir='ltr'><strong>et</strong></span> <span class='ocrx_word' id='word_1_307' title='bbox 747 3373 835 3426; x_wconf 88' lang='lat' dir='ltr'><strong>maior</strong></span> <span class='ocrx_word' id='word_1_308' title='bbox 849 3371 950 3426; x_wconf 87' lang='lat' dir='ltr'><strong>melior</strong></span> <span class='ocrx_word' id='word_1_309' title='bbox 963 3377 984 3423; x_wconf 92' lang='lat' dir='ltr'>P</span> <span class='ocrx_word' id='word_1_310' title='bbox 1000 3375 1004 3438; x_wconf 86' lang='grc'><strong>1</strong></span> <span class='ocrx_word' id='word_1_311' title='bbox 1022 3372 1111 3442; x_wconf 86' lang='lat' dir='ltr'><strong>egetis</strong></span> 
     </span>
     <span class='ocr_line' id='line_1_38' title="bbox 100 3442 1112 3513; baseline 0.001 -17"><span class='ocrx_word' id='word_1_312' title='bbox 100 3444 202 3512; x_wconf 82' lang='lat' dir='ltr'><strong>algetis</strong></span> <span class='ocrx_word' id='word_1_313' title='bbox 216 3460 299 3513; x_wconf 87' lang='lat' dir='ltr'><strong>opere</strong></span> <span class='ocrx_word' id='word_1_314' title='bbox 312 3443 387 3498; x_wconf 89' lang='lat' dir='ltr'><strong>fame</strong></span> <span class='ocrx_word' id='word_1_315' title='bbox 402 3448 429 3507; x_wconf 83' lang='lat' dir='ltr'><strong>P,</strong></span> <span class='ocrx_word' id='word_1_316' title='bbox 444 3443 542 3497; x_wconf 84' lang='lat' dir='ltr'><strong>traieci</strong></span> <span class='ocrx_word' id='word_1_317' title='bbox 555 3444 563 3510; x_wconf 92' lang='lat' dir='ltr'><strong>l</strong></span> <span class='ocrx_word' id='word_1_318' title='bbox 578 3449 621 3509; x_wconf 82' lang='grc'><strong>16,</strong></span> <span class='ocrx_word' id='word_1_319' title='bbox 636 3449 670 3496; x_wconf 91' lang='grc'><strong>17</strong></span> <span class='ocrx_word' id='word_1_320' title='bbox 684 3460 752 3497; x_wconf 87' lang='lat' dir='ltr'><strong>num</strong></span> <span class='ocrx_word' id='word_1_321' title='bbox 765 3446 830 3512; x_wconf 92' lang='lat' dir='ltr'><strong>post</strong></span> <span class='ocrx_word' id='word_1_322' title='bbox 844 3443 917 3510; x_wconf 88' lang='lat' dir='ltr'><strong>(pos)</strong></span> <span class='ocrx_word' id='word_1_323' title='bbox 931 3444 1060 3497; x_wconf 89' lang='lat' dir='ltr'><strong>tumbam</strong></span> <span class='ocrx_word' id='word_1_324' title='bbox 1073 3443 1089 3497; x_wconf 71' lang='grc'><strong>,9</strong></span> <span class='ocrx_word' id='word_1_325' title='bbox 1103 3442 1112 3513; x_wconf 80' lang='lat' dir='ltr'><strong>l&#39;</strong></span> 
     </span>
     <span class='ocr_line' id='line_1_39' title="bbox 100 3513 684 3583; baseline -0.003 -16"><span class='ocrx_word' id='word_1_326' title='bbox 100 3520 134 3567; x_wconf 92' lang='grc'><strong>17</strong></span> <span class='ocrx_word' id='word_1_327' title='bbox 154 3532 310 3583; x_wconf 89' lang='lat' dir='ltr'><strong>querquera</strong></span> <span class='ocrx_word' id='word_1_328' title='bbox 327 3515 361 3570; x_wconf 88' lang='lat' dir='ltr'><strong>L.</strong></span> <span class='ocrx_word' id='word_1_329' title='bbox 382 3513 494 3568; x_wconf 80' lang='lat' dir='ltr'><strong>Carrio:</strong></span> <span class='ocrx_word' id='word_1_330' title='bbox 512 3514 638 3583; x_wconf 88' lang='lat' dir='ltr'><strong>periculo</strong></span> <span class='ocrx_word' id='word_1_331' title='bbox 656 3519 684 3565; x_wconf 84' lang='lat' dir='ltr'><strong>P.</strong></span> 
     </span>
    </p>
   </div>
   <div class='ocr_carea' id='block_1_5' title="bbox 0 0 1207 3930">
    <p class='ocr_par' dir='ltr' id='par_1_5' title="bbox 0 0 1207 3930">
     <span class='ocr_line' id='line_1_40' title="bbox 0 0 1207 3930; baseline 0 0"><span class='ocrx_word' id='word_1_332' title='bbox 0 0 1207 3930; x_wconf 95' lang='lat' dir='ltr'><strong> </strong></span> 
     </span>
    </p>
   </div>
  </div>
 </body>
</html>
