2378 3930
43 220 96 276 XX
342 213 514 270 EDITORIS
532 211 751 269 palarmo

47 385 150 449 genus
173 361 297 447 opponi
319 363 427 446 putas,
449 359 550 424 uerba
572 358 620 424 ‘in
642 355 928 422 contubernalibus
953 353 1058 439 dispu-

47 451 128 517 tarc'
148 472 255 516 carere
275 472 313 516 eo
332 450 404 533 ipso
423 448 593 531 uocabulo,
612 468 676 531 quo
690 447 752 512 hoc
767 446 839 510 leue
852 446 887 509 ct
900 443 1059 508 abiectum

49 562 151 626 genus
171 543 319 606 accurate
338 537 535 624 designetur,
556 535 637 601 mihi
655 533 812 600 concedas
832 535 971 616 oportet,
991 553 1059 596 cum

48 629 240 713 praesertim
263 628 405 712 primum
428 627 525 692 colon
548 625 588 690 ‘si
610 625 718 708 placet
738 625 776 687 ut
794 621 970 706 disputem'
991 641 1059 685 cau·

50 719 123 782 dem
152 716 405 800 disputationem
431 713 690 799 philosophicam
717 712 840 776 innuat
886 710 1059 775 statuimus

52 807 162 892 igitur,
186 807 324 870 alterum
347 801 537 888 ‘disputare'
561 824 600 867 ex
618 801 725 885 priore
744 796 930 883 ‘disputem'
950 800 1060 863 natum

51 917 136 978 esse3
159 917 219 979 pro
243 915 307 978 quo
330 893 516 959 recordatus
540 913 652 956 eorum
675 888 814 973 quaein
837 887 955 971 capitis
975 887 1061 952 tertii

50 983 145 1048 initio
175 983 330 1066 legrmtur
357 979 560 1046 ‘desiderare'
589 978 754 1062 rescripsi;
787 981 838 1042 est
864 979 976 1040 autem
1004 975 1060 1039 ‘sa-

50 1071 231 1156 pientiam',
255 1075 372 1155 sponte
390 1074 427 1135 ut
445 1073 591 1154 apparet,
614 1087 785 1133 commune
804 1065 969 1130 obiectum
987 1064 1060 1129 utri·

54 1183 91 1226 us
115 1183 155 1226 ue
178 1160 277 1224 uerbi.

94 1183 145 1314 qe.
164 1248 194 1332 5,
211 1248 233 1313 4
251 1251 385 1328 oupertus
402 1247 520 1311 artium
538 1247 632 1311 etium
650 1245 857 1310 sordidunun.
893 1241 953 1307 alii
973 1242 1062 1306 aliter

53 1358 125 1402 cum
148 1336 201 1400 bis
225 1336 346 1400 uellent
368 1335 472 1399 lucem
492 1334 627 1417 adferre,
649 1333 731 1398 mihi
750 1333 791 1398 ab
809 1330 883 1416 ipsa
903 1329 1062 1396 sententia

53 1422 194 1491 Caecilio
213 1423 350 1508 indigna
368 1423 409 1487 ad
428 1445 541 1488 uerum
554 1422 783 1488 inueniendum
796 1419 1062 1505 proficiscendum

53 1512 191 1580 uidetur.
227 1534 304 1576 nam
327 1515 365 1576 ut
387 1515 457 1576 crat
480 1513 661 1577 communis
683 1513 754 1576 tum
777 1509 897 1595 opinio,
920 1508 1062 1573 christia

55 1623 114 1666 nos
138 1623 241 1686 neque
264 1600 499 1685 philosophicis
522 1601 639 1665 studiis
660 1621 765 1684 neque
784 1597 917 1664 omnino
935 1597 1032 1662 instit
1050 1631 1063 1642 ·

54 1691 142 1755 tione
165 1689 326 1756 litteraria
349 1711 418 1754 esse
441 1689 582 1775 inbutos,
603 1689 652 1753 ita
674 1687 805 1754 eosdem
826 1690 960 1752 tautum
982 1688 1062 1751 artes

56 1777 201 1843 sordidas
229 1778 375 1863 profiteri
401 1800 496 1844 nemo
524 1778 589 1843 uisi
617 1780 727 1861 aperte
750 1776 906 1840 mentitus
931 1777 1061 1839 conten-

55 1866 130 1932 dere
153 1869 274 1952 potuit,
300 1867 602 1934 omnium‘miuime
625 1865 849 1950 praesentibus
873 1862 1012 1929 Octauio
1034 1865 1063 1927 et

55 1955 197 2022 Minucio
221 1953 393 2021 Caecilius.
438 1953 490 2019 ‘ex
511 1953 615 2040 parte'
640 1954 707 2019 erui
730 1976 769 2018 ex
792 1950 974 2036 ‘expertes'.

145 2067 170 2109 c.
199 2044 234 2128 5,
262 2046 281 2110 8
314 2046 528 2110 elementorum
558 2050 595 2109 ut
623 2043 806 2109 uotunturiu
837 2042 987 2106 concretio
1018 2044 1063 2105 est.

55 2123 194 2217 'paruula
212 2156 277 2199 uox
296 2132 356 2198 ‘ut'
376 2133 440 2198 dici
456 2133 570 2217 nequit
589 2135 712 2217 quanta
731 2130 880 2196 excitarit
899 2130 1064 2194 molimina

56 2222 224 2287 doctorum
248 2225 305 2286 aut
327 2221 511 2287 delentium'
525 2225 582 2285 aut
604 2221 640 2285 in
661 2219 772 2285 ‘uelut'
793 2220 860 2284 siue
878 2219 913 2282 in
932 2217 1064 2303 ‘utique'

57 2311 263 2374 mutantium.
291 2308 376 2394 ‘quid
401 2309 486 2393 quod
510 2310 564 2393 qui
587 2306 830 2374 ‘inuoluntaria'
854 2311 888 2372 ct
907 2306 1063 2373 'fortuita'

58 2402 91 2461 et
122 2397 269 2461 ‘fortuita
301 2401 358 2461 aut
391 2396 587 2463 uoluntaria'
620 2398 841 2482 excogitarent
869 2394 1065 2460 extiterunt?

58 2506 119 2569 ego
147 2505 225 2549 uero
255 2488 332 2569 post
359 2506 398 2550 ea
424 2507 506 2569 quae
534 2489 553 2566 ξ
579 2488 597 2551 7
626 2486 772 2570 exposita
800 2489 877 2550 sunt
905 2485 1065 2549 abundare

59 2574 260 2639 uoluntariae
284 2574 498 2640 concretionis
523 2576 718 2640 mentionem
741 2578 821 2658 puto
845 2574 997 2658 idemque
1020 2573 1066 2637 de·

60 2661 165 2729 sidero
189 2664 222 2727 id
246 2664 331 2747 quod
348 2663 518 2747 proprium
537 2668 587 2729 est
605 2662 746 2729 Caecilii.
784 2662 840 2747 qui
858 2662 1066 2746 philosopho-

58 2773 130 2814 rum
154 2754 193 2817 de
216 2754 311 2817 rebus
333 2752 483 2817 humanis
503 2753 621 2817 iudicia
639 2751 827 2816 uerisimilia
847 2751 953 2835 magis
974 2773 1067 2836 quam

59 2861 137 2903 uera
160 2842 358 2905 existumans
383 2841 525 2906 studiose
548 2844 595 2906 ita
618 2841 762 2924 loquitur
780 2840 912 2923 utquid
931 2840 971 2903 de
990 2840 1067 2923 phy·

61 2929 201 2992 sicerum
233 2929 362 3012 placitis
394 2932 519 2994 statuat
551 2930 646 2994 simul
677 2929 808 3014 indicet3
842 2929 881 2993 cf.
910 2931 930 3008 ξ
956 2930 975 2992 7
1010 2930 1070 2994 sint

54 3017 212 3100 principio
240 3054 282 3066 -
311 3019 375 3083 sint
401 3019 541 3098 fortuitis
568 3019 831 3084 concursionibus:
864 3017 1068 3082 concedentis

62 3110 94 3169 et
122 3105 174 3168 his
204 3105 411 3188 opinionibus
438 3107 472 3170 in
499 3129 568 3171 rem
596 3128 689 3171 suam
716 3107 839 3171 utentis
863 3110 939 3170 sunt
962 3107 1069 3170 uerba.

61 3194 145 3258 unde
173 3215 246 3258 eum
273 3196 375 3260 uerba
404 3196 438 3259 in
466 3195 619 3260 lemmate
647 3195 809 3278 adscripta
835 3217 896 3279 pro
924 3216 960 3258 re
985 3198 1070 3259 certa

62 3287 158 3368 atque
182 3282 351 3366 explorata
369 3284 526 3368 posuisse,
547 3284 751 3367 improbabile
770 3285 865 3367 duco;
889 3284 989 3349 immo
1010 3283 1070 3348 sibi

63 3378 217 3438 constans
241 3372 300 3450 sic,
324 3372 358 3435 ni
380 3371 485 3456 fallor,
508 3373 589 3436 dixit
612 3372 866 3454 ‘elementorum
889 3376 925 3436 ut
948 3373 1070 3453 uolunt,

58 3461 152 3529 naria
175 3461 341 3530 concretio
365 3460 436 3526 cst'.
472 3461 628 3525 nimirum
648 3459 699 3524 ‘ut
720 3459 845 3524 uclunt'
869 3460 997 3541 physici
1017 3458 1070 3544 (f.

44 3573 68 3620 c.
90 3554 147 3646 34,
168 3554 215 3647 6),
244 3552 359 3627 ‘uaria'
386 3553 429 3623 cb
456 3551 657 3620 animalium
676 3548 888 3612 uarietatem.
