2378 3930
350 200 532 259 caciacus
550 203 564 256 1
583 209 617 258 re
636 205 800 274 μοι-110)
1036 202 1080 268 26

60 389 175 435 curum
208 365 380 451 oppidum,
416 365 507 433 fuere
543 369 577 430 et
605 364 810 435 Amazonmu
846 370 969 448 castra,
1004 366 1078 433 ideo

57 455 276 539 Amazonium
311 457 440 521 vocant.
499 451 660 537 Tabereni
695 451 858 538 Chalybas
896 453 1079 541 adtingunt,
1090 474 1142 524 106

58 545 179 630 quibus
210 543 247 611 iu
262 543 348 624 ,lusu
374 543 507 627 risuque
537 564 700 616 summum
727 542 849 609 bonum
881 546 940 607 est
991 543 1080 609 ultra

55 631 205 715 Mossyni
236 635 343 698 turres
370 631 497 717 ligneas
528 630 682 716 subeunt,
712 631 801 697 notis
834 652 950 716 corpus
983 653 1078 701 omns

33 721 265 806 sparsignant,
285 720 460 805 propatulo
479 722 664 804 vescuntur,
680 719 842 803 promisce
861 721 1079 793 concumbimt

59 813 91 876 et
113 809 241 895 palum,
262 829 356 893 reges
379 809 536 894 suffragio
560 807 723 892 deligunt,
744 808 948 893 vinculisque
971 814 1006 873 et
1028 832 1078 875 ar·

57 899 190 968 tissima
212 897 361 964 custodia
381 901 503 982 tenent,
527 901 624 980 atque
642 897 699 963 ubi
722 896 853 981 culpam
875 919 975 980 prave
999 898 1078 982 quid

58 986 237 1072 inperando
269 1007 430 1070 meruere,
461 985 569 1051 inedia
602 983 668 1051 diei
698 986 801 1053 totius
830 985 997 1070 adficiunt,
1028 1008 1078 1052 ce·

58 1080 166 1141 terum
181 1075 289 1159 asperi
302 1074 419 1141 inculti
433 1073 584 1158 pernoxii
602 1074 757 1158 adpulsis.
789 1073 864 1139 dein
881 1075 989 1139 minus
1007 1075 1140 1161 feri,107

22 1182 47 1223 10
57 1186 171 1229 verum
190 1166 224 1230 et
245 1163 279 1229 hi
298 1162 473 1229 inconditis
496 1162 652 1247 moribus,
669 1162 920 1247 Macrocephali,
937 1162 1078 1248 Bechiri,

59 1252 191 1335 Buxeri.
218 1273 313 1318 rarae
322 1252 439 1317 urbes:
454 1249 637 1327 Cerasunta
651 1256 685 1316 et
699 1252 862 1336 Trapezos
875 1252 1016 1318 maxime
1029 1253 1078 1317 in·

57 1341 186 1407 lustres.
223 1340 345 1411 iudeis
364 1341 454 1407 locus
473 1343 524 1405 est
541 1339 600 1405 ubi
617 1341 716 1406 finem
735 1341 848 1407 ductus
868 1363 888 1405 a
906 1338 1078 1424 Bosphoro
1089 1359 1141 1408 108

57 1434 184 1497 tractus
213 1429 344 1514 accipit,
372 1433 471 1514 atque
497 1427 631 1495 iude-se
658 1429 693 1495 in
715 1429 791 1495 sinu
819 1429 947 1495 adversi
970 1430 1079 1494 litoris

56 1519 160 1584 flexus
187 1518 349 1585 adtollens
378 1517 649 1603 angustissimum
675 1516 774 1582 Ponti
801 1518 883 1583 facit
912 1518 1081 1602 angulum.

17 1623 40 1664 1⁵
57 1606 112 1673 hic
130 1609 208 1671 sunt
221 1604 345 1690 Colchi,
364 1606 427 1671 huc
441 1605 559 1672 Phasis
579 1606 729 1690 erumpit,
747 1606 801 1671 hic
816 1607 928 1672 eodem
946 1607 1078 1672 nomine

59 1717 123 1781 quo
143 1696 251 1760 amnis
272 1699 323 1761 est
340 1717 360 1760 a
378 1694 630 1780 Themistagora
647 1694 775 1760 Milesio
795 1694 968 1761 deductum
987 1695 1078 1779 oppi-

57 1784 145 1868 dum,
167 1783 222 1849 hic
238 1783 354 1849 Phrixi
372 1784 533 1868 templum
553 1789 586 1848 et
604 1785 705 1866 lucus,
723 1784 836 1850 fabula
854 1788 963 1849 vetere
981 1784 1077 1868 pellis
1144 1816 1147 1821 ·

57 1894 177 1939 aureae
203 1872 334 1938 nobilis.
383 1871 461 1938 hinc
490 1873 554 1937 orti
587 1877 715 1937 montes
743 1873 843 1957 longo
876 1894 910 1937 se
937 1873 1015 1958 iugo
1045 1876 1140 1938 et1oa

57 1962 162 2027 donec
181 1960 341 2045 Riphaeis
369 1962 608 2046 coniungantur
636 1961 862 2045 exporriguut3
891 1961 947 2045 qui
975 1962 1078 2025 altera

21 2067 46 2109 ὀ
58 2054 154 2135 parte
181 2049 217 2115 in
243 2048 408 2115 Euxinum
436 2053 470 2115 et
490 2049 657 2114 Maeotida
682 2054 716 2114 et
742 2048 884 2126 Tanain,
911 2048 1017 2113 altera
1043 2049 1078 2112 in

59 2137 217 2222 Caspium
239 2139 378 2223 pelagus
396 2137 536 2222 obversi,
559 2135 699 2202 Cerauni
722 2137 887 2220 dicuntur,
910 2136 997 2201 idem
1020 2137 1078 2201 ali-

56 2228 116 2292 ubi
144 2226 276 2292 Taurici
303 2226 430 2292 Moschi
456 2225 648 2292 Amazonici
676 2224 788 2310 Caspii
821 2223 971 2290 Coraxici
997 2223 1078 2290 Cau-

57 2316 149 2400 casii,
166 2320 204 2380 ut
223 2315 297 2380 aliis
316 2315 432 2380 aliisve
452 2315 591 2399 adpositi
610 2314 765 2400 gentibus
779 2315 827 2380 ita
846 2313 920 2379 aliis
940 2314 1078 2399 aliisque

57 2404 137 2470 dicti
163 2404 360 2470 nominibus.
405 2406 440 2470 at
466 2403 499 2469 in
521 2405 627 2487 primo
650 2404 736 2469 flexu
758 2404 823 2470 iam
852 2403 942 2468 curvi
969 2403 1139 2469 litoris110

17 2510 45 2553 as
59 2492 219 2578 oppidum
247 2491 407 2577 estquod
430 2490 547 2558 Graeci
566 2496 766 2558 mercatores
795 2492 1016 2577 constituisse,
1044 2495 1078 2557 et

55 2582 136 2667 quia
167 2602 241 2656 cum
273 2603 370 2648 caeca
398 2584 595 2664 tempestate
627 2584 821 2666 egerentem,
856 2580 981 2665 ignaris
1013 2602 1078 2664 qua

55 2674 147 2736 terra
170 2674 258 2736 esset
281 2670 375 2754 cycni
398 2691 462 2734 vox
483 2673 598 2737 notam
621 2670 768 2753 dederat,
796 2666 943 2753 Cycnum
967 2668 1076 2752 adpel-

54 2760 145 2825 lasse
166 2759 327 2824 dicuntur.
372 2757 499 2842 reliqua
523 2758 592 2823 eius
615 2758 704 2822 ferae
732 2757 939 2840 incultusque
963 2760 1077 2841 gentes

131 2921 156 2970 2.
176 2914 330 2984 adtingunt
342 2913 384 2968 A¹
402 2913 548 2984 attingunt
561 2912 603 2967 A²
656 2919 681 2968 3.
700 2912 776 2966 ultra
794 2911 947 2967 carambim
960 2912 988 2966 A
1002 2913 1079 2966 ultra

68 2985 185 3040 Vinctus
256 2991 280 3040 9.
300 2984 427 3054 adpulsis
450 2986 491 3038 A¹
513 2983 641 3055 appulsis
663 2983 705 3037 A²
778 2990 819 3039 10.
843 2982 1025 3038 macrocefali
1048 2984 1077 3037 A

96 3054 219 3110 discheri
232 3056 260 3110 A
273 3055 388 3112 Bechiri
404 3055 516 3111 Vossius
553 3062 594 3110 11.
609 3053 714 3110 buxedi
730 3054 758 3109 A
772 3053 875 3110 Buxeri
894 3055 1041 3110 Vodaanus

57 3129 106 3182 aet
124 3126 167 3182 A¹
184 3128 214 3181 et
227 3125 270 3180 A²
326 3133 366 3182 11.
383 3132 424 3183 la.
444 3126 578 3181 inlustres
592 3126 633 3179 A¹
651 3125 776 3181 illustres
794 3125 837 3181 A¹
891 3132 934 3181 1a.
953 3128 1076 3195 bosporo

55 3198 98 3253 A¹
112 3198 257 3268 bosphoro
271 3197 313 3252 A²
367 3203 409 3252 14.
425 3197 566 3253 adtollens
580 3197 621 3251 A¹
634 3197 769 3253 attollens
787 3197 829 3251 Α2
883 3202 925 3252 1o.
945 3197 1021 3265 quod
1034 3197 1076 3250 A¹

56 3285 113 3338 quo
132 3269 174 3321 A*
248 3274 290 3324 18.
309 3267 382 3341 (se)
404 3268 446 3322 A²
518 3274 560 3324 22.
581 3266 660 3338 caepi
682 3268 710 3321 A
782 3274 825 3323 22.
845 3274 887 3323 23.
912 3268 1025 3322 caucasi
1048 3268 1076 3321 A

111 3345 155 3394 23.
174 3338 316 3409 adpositis
334 3339 376 3393 A¹
395 3339 535 3421 appositis
553 3338 595 3393 A’
650 3344 691 3393 24.
712 3338 748 3392 ad
766 3339 808 3393 A¹
826 3337 911 3392 atA⁹
965 3338 1076 3392 alitoris

54 3411 98 3466 A¹
116 3410 210 3466 litoris
234 3409 275 3463 A²
349 3417 391 3466 26.
410 3410 517 3480 ignaris
541 3427 612 3479 quae
630 3412 658 3465 A
676 3409 785 3479 ignaris
803 3426 859 3478 qua
876 3427 897 3464 cc
969 3415 1011 3464 27.
1031 3413 1075 3464 28.

54 3480 216 3552 adpellasse
231 3481 271 3534 A¹
287 3480 445 3551 appellasse
459 3480 501 3535 A²
