2378 3930
97 237 141 303 22
442 235 621 293 ΡΟΜΡΟΝΠ
637 234 762 290 Murra

41 418 74 466 99
94 401 198 467 latere
230 399 445 469 Antandrum.
499 400 618 484 duplex
649 420 747 466 cauea
782 399 924 467 nominis
960 401 1112 486 iactatur.

95 490 152 555 alii
170 488 349 556 Ascanium
366 487 496 555 Aeneae
518 488 622 554 fllium
643 507 718 555 cnm
736 488 784 553 ibi
806 493 960 576 regnaret
978 495 1111 575 captum

94 601 114 643 a
145 577 293 664 Pelasgia
327 600 365 643 ea
396 599 431 643 se
462 576 638 643 redemisse
669 582 940 661 commemorant,
956 599 959 603 ’
977 579 1035 644 9111
1067 581 1110 646 91)

93 666 146 733 bis
178 669 296 751 putant
327 666 492 732 conditam
525 687 607 750 quos
638 687 677 730 er
709 664 821 731 Andro
853 667 962 732 insula
993 668 1045 733 ris
1076 673 1110 734 et

94 755 211 821 seditio
244 758 404 840 exegerat.
458 756 494 820 hi
526 754 732 821 Antandrum
767 754 860 839 quasi
894 776 955 839 pro
987 755 1111 842 Andro,
1137 772 1151 814 ⁶

39 858 73 908 93
93 843 144 908 illi
182 844 277 929 quasi
306 864 366 928 pro
399 845 469 910 viro
501 843 605 928 accipi
638 844 764 908 volunt.
813 855 949 928 sequens
984 847 1111 911 tractus

92 933 202 1018 tangit
235 931 381 1018 Gargara
413 937 447 997 et
478 932 589 997 Asson
619 931 796 997 Aeolorum
832 932 985 999 colonias.
1037 936 1111 1000 tum

93 1021 183 1087 sinus
211 1021 295 1086 alter
322 1020 478 1087 Achaeon
505 1021 605 1085 limen
631 1041 698 1086 non
724 1021 823 1105 longe
851 1021 892 1085 ab
919 1019 981 1088 Ilio
1010 1022 1111 1088 litora

92 1109 251 1193 incurrat,
270 1110 349 1174 urbe
368 1109 456 1174 bello
475 1108 663 1193 excidioque
682 1109 871 1174 clarissima.
907 1109 960 1174 hio
975 1107 1109 1196 Sigeum

92 1197 156 1262 tuit
182 1197 349 1283 oppidum,
375 1197 430 1262 hic
457 1196 658 1263 Achivorum
686 1197 750 1263 fuit
776 1197 971 1263 bellantium
998 1199 1108 1266 statio.
1125 1215 1150 1256 1⁰

91 1286 154 1350 huc
192 1286 232 1351 ab
269 1285 366 1352 Idaeo
399 1290 511 1352 monte
547 1285 705 1351 demissus
738 1283 934 1352 Scamander
971 1287 1039 1352 exit
1075 1292 1110 1353 et

38 1388 74 1438 94
93 1372 229 1458 Simois,
265 1374 354 1440 fama
390 1397 488 1459 quam
524 1378 644 1440 natura
679 1375 805 1440 maiora
839 1375 984 1441 flumina.
1037 1376 1110 1464 ipse

91 1484 201 1542 mons,
238 1467 347 1528 vetere
380 1463 527 1528 divarum
559 1462 734 1529 certamine
766 1466 799 1527 et
830 1463 949 1530 iudicio
980 1464 1109 1531 Paridis

91 1554 300 1634 memoratus,
324 1552 484 1617 orientem
503 1552 606 1617 solem
624 1551 721 1617 aliter
744 1573 842 1636 quam
860 1553 895 1617 in
918 1552 992 1618 aliis
1009 1554 1108 1619 terris

92 1639 176 1705 solet
199 1641 302 1726 aspici
325 1643 479 1706 ostentat.
524 1661 663 1724 namque
687 1661 726 1705 ex
749 1660 875 1707 summo
898 1642 1018 1707 vertice
1038 1641 1106 1708 eius
1122 1654 1148 1696 1⁵

91 1728 334 1813 speculantibus
352 1751 454 1813 paene
474 1752 493 1794 a
511 1729 620 1794 media
636 1732 731 1794 nocte
750 1729 856 1812 sparsi
873 1729 966 1814 ignes
985 1730 1110 1817 passim

91 1816 225 1901 micare,
252 1820 286 1882 et
313 1821 350 1882 ut
376 1819 432 1883 lux
461 1816 702 1902 adpropinquat
724 1817 772 1883 ita
800 1818 887 1884 coire
915 1840 952 1885 ac
975 1840 1011 1885 ee
1034 1841 1108 1886 con·

91 1905 224 1990 iungere
247 1906 411 1989 videntur,
434 1906 535 1972 donec
558 1906 664 1990 magis
687 1906 857 1991 magisque
880 1906 1008 1973 collecti
1032 1929 1110 1992 pau·

92 1993 195 2059 ciores
220 1994 355 2060 subinde
379 1998 412 2061 et
434 2017 499 2060 una
522 1994 563 2060 ad
585 1997 787 2079 postremum
810 1995 942 2061 flamma
964 1995 1109 2062 ardeant.

36 2095 71 2146 95
91 2104 129 2147 99
157 2104 229 2148 cum
257 2083 312 2149 diu
340 2084 429 2149 clara
461 2087 494 2149 et
520 2083 670 2149 incendio
699 2083 817 2148 similis
849 2083 984 2169 effulsit,
1017 2086 1108 2170 cogit
1121 2098 1149 2140 ²⁰

91 2192 125 2236 se
153 2192 191 2235 ac
218 2172 373 2237 rotundat
400 2176 433 2236 et
459 2172 498 2235 fit
524 2172 640 2256 ingens
668 2172 794 2257 globus.
841 2170 952 2237 diuis
979 2194 1107 2258 quoque
1169 2229 1172 2234 .

90 2258 224 2343 grandis
261 2264 294 2323 et
330 2260 427 2324 terris
464 2259 607 2324 adnexus
644 2258 797 2343 adparet,
838 2259 911 2326 dein
947 2261 1109 2344 paulatim

89 2346 281 2412 decrescens·
307 2351 340 2411 et
368 2349 488 2430 quanto
516 2346 674 2412 decrescit
701 2368 739 2411 eo
773 2347 892 2414 clarior
924 2348 1019 2435 fugat
1050 2371 1109 2416 no·

89 2435 222 2516 pissime
245 2439 390 2518 noctem,
414 2438 543 2501 etcum
566 2435 618 2500 die
641 2435 708 2499 iam
732 2434 780 2499 sol
803 2435 910 2502 factus
934 2438 1108 2504 attollitur.

37 2539 71 2588 96
91 2529 183 2590 extra
202 2525 311 2589 sinum
329 2527 405 2588 sunt
422 2521 570 2588 Rhoetea
588 2523 696 2608 litora,
717 2522 864 2589 Rhoeteo
889 2529 923 2591 et
940 2525 1108 2593 Dardania
1120 2539 1147 2581 ²⁶

91 2612 187 2678 claris
224 2612 376 2696 urbibus,
412 2610 525 2677 Aiacis
561 2615 672 2676 tamen
708 2612 855 2697 sepulcro
888 2616 1028 2680 maxime
1060 2616 1110 2680 in·

90 2701 215 2765 lustria.
256 2701 297 2766 ab
320 2700 372 2765 his
396 2701 434 2764 fit
457 2700 559 2765 artius
582 2721 681 2783 mare,
703 2721 764 2765 nec
782 2701 848 2766 iam
872 2702 975 2768 adluit
993 2707 1108 2788 terras,

90 2789 148 2854 sed
176 2811 287 2855 rursus
321 2788 467 2854 dividens
500 2793 639 2874 angusto
671 2787 879 2874 Hellesponti
909 2792 995 2858 freto
1027 2792 1107 2858 litus

91 2877 226 3029 pbvium
260 2876 371 2960 findit,
407 2877 550 2962 facitque
582 2881 620 2942 ut
650 2877 770 2943 iterum
801 2882 907 2945 terrae
939 2902 1004 2965 qua
1034 2881 1108 2946 fluit

104 2969 196 3031 atera
219 2966 294 3031 sint.
872 3002 876 3010 ·
1122 2981 1149 3023 ³⁰

164 3164 188 3214 7.
208 3156 350 3230 asson<a>
370 3157 397 3212 A
415 3155 508 3211 Asson
526 3156 672 3213 Borboros
726 3158 871 3214 aeolorum
888 3159 930 3214 A²
948 3160 1106 3215 aetolorum

90 3226 131 3281 A²
205 3235 229 3284 9.
249 3227 375 3298 sigaeum
393 3228 421 3282 A
493 3232 536 3282 17.
551 3226 759 3298 adpropinquat
777 3229 817 3283 A¹
836 3230 1045 3300 appropinquat
1062 3230 1106 3285 A¹

144 3305 188 3352 22.
202 3298 319 3368 adparet
332 3299 374 3354 A¹
392 3300 511 3369 apparet
529 3298 570 3353 A*
624 3305 667 3354 26.
686 3300 824 3423 rhoffietea
836 3299 923 3355 litora
935 3301 973 3374 a>
986 3300 1106 3369 rhytaco

90 3369 118 3422 A
137 3370 253 3438 (litterae
276 3371 308 3425 ia
325 3386 379 3424 rae.
399 3369 450 3438 Al)
469 3367 598 3424 Rhoetea
619 3369 706 3424 litora
723 3370 749 3424 R
770 3372 852 3427 oeteo
870 3371 1035 3428 Rcirwldiua

91 3446 133 3496 26.
155 3439 302 3510 sepulchro
321 3441 363 3494 A¹
381 3439 509 3511 sepulcro
529 3439 571 3494 A¹
642 3447 685 3498 26.
705 3447 747 3496 27.
766 3441 897 3496 inlustria
918 3443 960 3496 A²
981 3441 1107 3497 illustria

91 3511 133 3563 Α2
205 3517 247 3565 27.
267 3510 358 3566 adluit
375 3511 417 3565 A¹
435 3509 519 3565 alluit
536 3511 579 3566 A’
651 3512 989 3570 30.alteraAlaterac
