2378 3930
58 190 110 244 xn
363 165 768 249 honorantissimo.

62 336 168 419 capite
191 335 336 420 adorato,
360 334 399 399 de
422 337 516 400 cultis
541 334 716 400 sacerdotis
740 335 950 420 genitalibus,
974 337 1014 402 de
1032 338 1075 403 in·

58 424 158 488 fantis
182 425 341 509 sanguine
361 425 480 489 hausto
498 446 565 489 non
584 424 677 489 diluit
700 428 822 490 retecta
843 425 962 490 harum
985 425 1075 491 fabu-

57 514 164 577 larum
193 513 332 599 origine3
364 512 426 579 hoc
455 515 541 577 enim
574 514 642 577 sine
670 513 793 578 rituum
820 513 1075 580 christianorum

58 602 191 685 notitia,
223 624 306 686 quae
335 602 472 666 ethnicis
499 602 624 684 decrat,
655 602 726 666 fieri
758 624 825 668 non
852 603 953 668 licuit.
997 626 1075 688 quae

58 711 132 755 cum
160 691 207 754 ita
235 713 269 756 se
295 691 454 769 habeant,
487 693 633 774 praestat
661 691 801 776 ingenua
831 691 942 774 fateri,
970 691 1075 758 Minu-

60 779 147 844 cium
176 801 243 844 uon
271 779 443 864 agnouisse
472 777 596 844 Christi
625 780 785 865 originem
814 779 971 846 diuinam.
1015 803 1075 866 quo

58 868 166 951 posito
195 873 232 932 ut
260 871 351 933 totus
380 867 433 933 hic
461 868 610 953 dialogus
638 868 755 932 melius
783 868 1004 954 intellegitur,
1032 872 1076 935 ita

60 957 190 1040 singula
208 957 364 1040 quaedam
385 957 490 1022 adhuc
509 958 646 1022 obscura
666 979 759 1021 suam
778 957 945 1041 accipiunt
963 959 1075 1026 lucam.

58 1046 159 1108 ueluti
183 1044 211 1110 si
234 1067 260 1110 c.
275 1046 364 1130 20,4
386 1050 464 1130 post
484 1047 604 1110 inrisas
623 1045 827 1111 ethnicorum
846 1047 885 1110 de
901 1045 1074 1112 Centauris

60 1131 234 1218 Scyllaque
263 1138 296 1199 et
323 1133 495 1200 Chimaera
522 1135 650 1199 fabulas
679 1138 792 1199 extant
820 1156 898 1217 quae
924 1137 955 1201 si
981 1141 1077 1202 essem

56 1222 155 1305 suctu,
186 1224 309 1304 pterea&
341 1224 417 1304 quia
447 1225 518 1307 fieri
543 1244 607 1288 noo
633 1230 777 1308 possunt,
808 1225 875 1289 ideo
902 1244 959 1289 uec
990 1225 1075 1306 fautu

58 1317 144 1393 suut,
173 1310 253 1375 haec
275 1312 376 1375 uerba
399 1312 433 1375 iu
457 1317 570 1396 aperto
595 1317 645 1377 est
668 1333 765 1396 quam
792 1312 886 1377 facilc
909 1314 1076 1396 potuerint

60 1420 79 1462 a
97 1399 276 1482 gentilibus
296 1399 404 1485 regeri
422 1405 457 1464 in
476 1401 682 1465 christianos.
709 1422 768 1465 nec
786 1404 896 1465 tamen
911 1422 950 1465 ea
964 1403 1075 1486 elapsa

56 1494 154 1570 putes
173 1486 317 1553 Minucio
341 1489 541 1572 inprudenti:
566 1489 655 1554 aliud
674 1493 725 1553 est
741 1488 930 1573 disputandi
948 1490 1073 1556 feruore

60 1576 230 1660 abreptum
254 1576 387 1641 incauta
409 1578 508 1662 loqui,
532 1578 620 1642 aliud
645 1577 840 1642 scribentem
863 1579 1017 1644 meditari
1040 1602 1074 1645 ea

60 1686 142 1748 quae
160 1687 180 1729 a
198 1665 448 1750 reprehensione
464 1668 550 1730 iusta
565 1667 631 1730 siut
645 1670 727 1733 tuta.
755 1669 828 1731 tuto
842 1672 953 1731 autem
966 1669 1075 1752 posuit

59 1755 161 1818 uerba
188 1755 253 1819 illa.
267 1755 296 1819 is
320 1756 375 1838 qui
402 1756 435 1819 in
463 1755 548 1820 libro
577 1777 636 1820 suo
662 1755 876 1840 redarguendi
904 1757 1073 1821 materiam

59 1863 125 1906 non
148 1844 300 1927 praebuit
323 1844 451 1927 quique,
474 1865 548 1908 cum
567 1841 731 1908 Christum
750 1842 916 1908 hominem
933 1849 1074 1928 putaret,

59 1931 216 1997 miracula
240 1929 372 1997 Christo
397 1955 416 1996 a
439 1932 538 2016 uulgo
563 1933 723 1996 attributa
748 1932 818 2015 ipse
845 1937 902 1997 aut
930 1954 1000 1999 non
1024 1933 1073 1998 ad·

59 2021 214 2102 probauit
240 2025 297 2085 aut
324 2043 390 2085 non
419 2023 550 2105 cognita
581 2021 697 2084 habuit
723 2024 835 2104 utpote
863 2026 980 2106 postea
1010 2023 1073 2088 siue

59 2109 195 2173 inuenta
220 2111 288 2174 siue
311 2111 346 2173 in
370 2111 535 2174 occidente
559 2110 760 2194 peruulgata.

128 2197 181 2262 Sic
208 2199 309 2281 igitur
338 2202 458 2281 statuo,
487 2197 663 2262 Minucium
694 2219 758 2262 non
785 2202 961 2281 propterea
991 2199 1073 2284 quod

59 2286 286 2369 philosophiae
308 2287 456 2351 ethnicae
478 2288 658 2350 innutritus
681 2288 715 2350 in
738 2287 906 2370 religionis
927 2287 1074 2354 christia·

59 2397 119 2438 nae
147 2395 264 2437 arcana
291 2379 462 2457 penetrare
490 2377 652 2459 nequierit
680 2398 699 2440 a
722 2377 838 2440 ceteris
866 2380 937 2440 tum
966 2379 1073 2462 apolo-

60 2462 143 2546 getis
168 2462 348 2546 dissentire,
372 2464 428 2527 sed
447 2464 556 2546 potius
577 2487 614 2528 ea
634 2487 726 2528 usum
747 2466 865 2528 mentis
886 2465 954 2529 acie
974 2487 1073 2550 eaque

59 2550 169 2614 iudicii
198 2551 386 2633 sobrietate,
414 2574 478 2635 qua
501 2553 659 2634 optimum
686 2575 846 2637 quemque
872 2553 1072 2636 iurisperito-

57 2661 129 2703 rum
144 2638 364 2705 Romanorum
379 2641 568 2704 excelluisse
582 2642 738 2724 uidemus,
757 2643 965 2725 aliquatenus
984 2665 1073 2728 prae

59 2730 194 2793 cessisse
219 2729 400 2794 Straussios
422 2734 553 2794 nostros
577 2730 807 2814 Renanosque:
830 2731 962 2813 reliquit
983 2731 1073 2797 Felix

59 2823 165 2880 sectae
185 2819 360 2882 conditoris
379 2823 544 2902 tamquam
566 2819 617 2883 dci
641 2819 864 2885 adorationem
887 2819 1072 2885 hominibus

57 2904 208 2988 inperitis
227 2907 424 2990 rudibusque
444 2913 477 2970 et
495 2907 665 2991 inprouide
679 2908 817 2972 credulis
833 2906 874 2993 (c.
887 2908 941 2990 20,
955 2908 1073 2995 5-6);

59 3015 160 3077 eoque
183 2995 305 3058 maiore
328 2995 397 3059 iure
416 2996 500 3059 hanc
519 2997 612 3080 uulgi
630 2996 849 3061 idololatriam
869 3018 888 3059 a
908 3018 943 3060 se
960 2999 1074 3079 procul

59 3083 174 3164 arcuit,
203 3105 267 3166 quo
291 3084 523 3148 accuratiorem
551 3085 738 3149 instituerat
763 3085 1011 3169 indagationem
1035 3086 1073 3150 de

58 3193 196 3254 persona
220 3168 357 3254 Christi,
385 3195 480 3257 quem
504 3173 644 3238 fortasse
669 3174 770 3238 coluit
792 3179 829 3238 ut
852 3174 958 3238 uirum
983 3175 1073 3239 omni

60 3281 168 3324 amore
187 3260 319 3342 dignum
339 3261 393 3343 (cf.
413 3283 439 3326 c.
457 3262 510 3344 29,
529 3261 550 3327 5
574 3283 643 3326 oum
661 3269 695 3326 et·
707 3264 867 3344 praecino
885 3265 956 3328 uiro
975 3263 1074 3329 honor

57 3351 163 3414 ocrim
181 3356 209 3414 et
226 3351 338 3431 optimo
356 3370 445 3414 umor
463 3351 584 3415 dulcius
600 3348 811 3437 praebeatur).
844 3352 890 3415 sic
908 3351 1072 3418 Minucius

57 3442 192 3504 eatenus
217 3444 266 3504 est
283 3435 488 3502 Christianus
507 3445 544 3502 ut
567 3440 685 3522 spretis
704 3441 797 3505 uanis
816 3439 983 3523 figmentis
1002 3442 1072 3506 riti·

41 3527 174 3617 busque
204 3531 283 3600 inde
317 3528 478 3622 profectis
513 3528 739 3611 adsumpserit
761 3547 845 3586 uara
874 3531 973 3601 atqua
1001 3549 1086 3585 sana.
