2378 3930
444 187 626 246 OCTAVIUS
646 207 669 244 c.
689 195 713 246 5.
1071 188 1089 251 ”l

74 336 159 401 unde
182 337 231 401 dci
252 334 416 401 formido?
440 357 523 421 quae
546 334 734 420 superstitio
758 334 830 398 est?
851 331 950 399 homo
969 337 1003 399 et
1021 334 1126 401 ani-8

73 426 139 490 mal
161 447 266 510 omne,
289 424 375 509 quod
394 423 541 488 nascitur
558 424 738 508 inspiratur
757 422 928 505 attollitur,
950 424 1089 488 elemen-

72 519 190 598 torum,
213 518 251 578 ut
272 513 398 595 uolunt,
421 512 513 577 uaria
531 512 693 578 concretio
716 513 776 595 est,
798 511 832 576 in
855 531 937 596 quae
959 533 1089 576 rursum

72 602 170 667 homo
192 607 225 666 et
244 602 367 667 animal
386 622 481 666 omne
500 601 654 667 diuiditur
673 600 811 666 soluitur
829 599 1019 684 dissipatur:
1042 601 1089 665 ita

44 692 107 756 sin
139 691 263 756 fontem
295 690 436 755 refluunt
469 694 503 754 et
534 690 570 754 in
601 693 704 755 semet
729 690 943 754 reuoluuntur
970 690 1089 774 omnia,

71 781 161 845 nullo
185 781 308 845 artifice
330 781 485 844 renuente
508 800 568 843 nec
590 782 729 844 auctore.
770 777 818 844 sic
840 797 1022 860 mascqucns
1044 783 1124 844 ests

72 869 277 954 congregatis
304 869 431 953 ignium
458 867 635 933 seminibus
662 867 747 932 soles
776 866 859 932 alios
886 869 982 950 atque
1006 865 1087 931 alios

72 979 198 1042 semper
216 957 393 1041 splendere,
412 957 458 1022 sic
478 956 613 1022 exulatis
632 959 739 1020 terrae
757 954 934 1041 uaporibus
952 954 1088 1020 nebulas

72 1067 200 1129 semper
231 1047 315 1112 alim
347 1045 544 1127 adolescere,
575 1045 693 1129 quibus
726 1044 869 1109 densatis
902 1043 1088 1129 coactisque

32 1158 58 1197 ιο
71 1134 174 1199 nubes
198 1136 296 1200 altius
320 1155 465 1219 surgere,
492 1133 596 1198 isdem
619 1133 804 1198 labentibus
827 1133 957 1217 pluuias
980 1132 1088 1216 fluere,

71 1223 149 1287 flare
172 1228 298 1305 uentos,
321 1223 497 1308 grandines
520 1223 688 1306 increpare
708 1222 761 1286 uel
779 1221 908 1287 nimbos
927 1221 1088 1287 conliden-

71 1312 159 1376 tibus
186 1314 332 1377 tonitrua
355 1313 496 1397 mugire,
521 1311 657 1376 rutilare
680 1310 825 1395 fulgora,
852 1309 991 1374 fulmina
1013 1332 1087 1395 pro·

72 1401 207 1483 micare,
235 1422 272 1465 ea
300 1401 378 1465 adeo
405 1400 527 1484 passim
551 1400 682 1478 eadunt,
710 1402 836 1464 montes
859 1399 1009 1484 inruunt,
1037 1421 1086 1464 ar-

71 1489 205 1553 boribus
233 1489 416 1571 ineurrunt,
444 1489 512 1552 sine
541 1488 660 1553 dilectu
682 1491 824 1573 tangunt
845 1489 918 1553 loca
941 1510 1033 1554 sacra
1056 1491 1089 1552 et

30 1600 57 1641 rs
72 1577 225 1661 profana,
253 1577 399 1642 homines
427 1577 542 1641 noxios
570 1577 690 1640 feriunt
715 1595 803 1658 saepe
831 1579 864 1640 et
893 1597 989 1660 saepe
1013 1576 1088 1640 reli-

72 1665 191 1750 giosos.
242 1664 321 1749 quid
351 1667 564 1748 tempestates
596 1665 711 1747 loquar
742 1663 851 1728 uarias
879 1667 913 1728 et
938 1665 1088 1747 incertas,
1108 1682 1141 1730 10

73 1755 189 1838 quibus
217 1754 307 1818 nullo
336 1753 446 1820 ordine
474 1753 527 1816 uel
555 1751 703 1817 examine
728 1772 835 1816 rerum
859 1751 1005 1817 omnium
1027 1752 1088 1816 im-

72 1847 165 1926 petus
189 1841 380 1908 uolutatur?
416 1841 451 1906 in
473 1840 655 1926 naufragiis
678 1841 840 1906 bonorum
863 1840 1087 1925 malorumque

72 1933 142 1996 fata
160 1933 272 2015 mixta,
289 1931 408 1995 merita
426 1929 584 1996 confusa?
603 1929 638 1994 in
656 1928 813 1994 incendiis
829 1929 997 1993 interitum
1012 1950 1087 1994 con-

31 2045 58 2084 so
73 2021 180 2085 uenire
211 2021 390 2085 insontium
420 2017 692 2102 nocentiumque?
725 2020 758 2082 et
786 2038 858 2083 cum
885 2018 961 2082 tabe
988 2018 1086 2102 pesti-

73 2111 141 2174 fera
164 2111 245 2174 caeli
266 2112 391 2173 tractus
413 2108 570 2191 inficitur,
598 2109 666 2172 sine
690 2106 875 2171 discrimine
898 2127 1010 2171 omnes
1034 2107 1086 2172 de·

72 2199 200 2283 perire?
228 2202 356 2263 etcum
379 2197 457 2262 belli
480 2195 596 2261 ardore
619 2195 775 2278 saeuitur,
803 2195 952 2260 meliores
976 2195 1086 2280 potius

72 2286 283 2353 occumbere?
316 2286 349 2351 in
377 2306 457 2370 pace
484 2285 586 2351 etiam
612 2306 680 2351 non
702 2288 830 2349 tantum
852 2288 1010 2368 aequatur
1031 2301 1139 2351 ne-11

73 2377 176 2460 quitia
194 2375 391 2459 melioribus,
410 2374 466 2440 sed
485 2374 661 2458 extollitur,
678 2376 716 2438 ut
733 2373 768 2436 in
785 2373 934 2457 pluribus
950 2374 1087 2459 nescias,

32 2487 58 2527 25
75 2468 181 2530 utrum
206 2464 250 2529 sit
271 2485 384 2530 eorum
407 2463 599 2528 detestanda
620 2462 767 2546 prauitas
791 2485 831 2527 an
855 2463 999 2546 optanda
1017 2463 1086 2528 feli-

124 2691 130 2703 .
144 2627 158 2674 1
169 2621 218 2706 dei
225 2621 502 2706 aadKlussmeame
511 2619 515 2690 Ι
525 2618 610 2690 quae]
620 2617 934 2700 atquellcsmurmussst
945 2620 977 2672 ut
985 2618 1087 2674 nolunt

70 2707 150 2818 3533
162 2690 1086 2842 ⁸tt²⁰t<⁸ll⁰0utxeudlute²ttttltttttu

72 2840 89 2888 6
107 2835 241 2888 renuente
260 2833 372 2903 comps:
391 2846 443 2887 nec
461 2831 555 2886 indrce
570 2836 590 2882 1’
606 2833 611 2899 Ι
627 2845 799 2898 consequens
817 2833 861 2884 est
878 2831 978 2886 addidi
995 2831 1084 2900 (nide-

71 2923 133 2960 mus
153 2910 218 2974 post
245 2905 319 2958 soles
346 2902 544 2968 Hermastus,
573 2907 637 2956 ante
663 2901 735 2956 idea
763 2900 902 2956 cernimus
929 2901 1053 2974 Macula)
1079 2902 1082 2974 l

73 2983 88 3032 ⁷
108 2981 193 3046 atque
212 2977 255 3030 bis
273 2977 316 3046 Pl
335 2980 351 3030 9
370 2973 441 3029 alias
460 2973 571 3028 addidit
589 2972 733 3042 Susceptus
749 2973 753 3038 Ι
774 2971 930 3026 coalescere
952 2972 1086 3030 Uscucrus

71 3055 120 3115 (aa
147 3046 306 3102 adolescere
334 3063 369 3102 aa
395 3043 466 3099 alias
482 3043 651 3126 ⁸coalescere
678 3041 858 3112 contumel)
872 3045 891 3127 ,ΙΙ
915 3047 947 3097 11
974 3042 1085 3100 nimbos

69 3115 443 3258 multtumttt
458 3113 641 3254 tebald
658 3119 1086 3257 superauratas

70 3261 305 3331 Klusunwuuusll
330 3266 362 3315 17
382 3255 511 3313 examine
528 3260 697 3324 suspectum
721 3255 880 3311 discrimine
931 3271 1085 3312 moecenas

71 3331 260 3414 moderamine
275 3331 403 3413 Machly;
421 3344 460 3408 aa
472 3327 590 3410 'agmine
610 3326 656 3397 (cf.
674 3325 945 3451 Verf.Am182).{
965 3328 969 3395 Ι
984 3327 1084 3409 sualim

70 3418 163 3457 rerum
182 3420 305 3458 omnium
324 3419 355 3455 m
373 3415 527 3470 permciem
544 3401 667 3467 impetus
686 3413 722 3453 uo
734 3399 841 3467 uaturl
856 3403 888 3452 19
907 3398 1084 3452 mutuante

70 3476 265 3600 {tsrcsbffnllrtg
279 3474 361 3528 ardor
380 3469 472 3526 saeuit
490 3469 696 3540 Heumuunusl
714 3474 750 3524 24
768 3468 913 3524 extollitur
936 3468 1085 3525 Usenerus:
