2386 3960
359 214 628 271 chorosam
649 216 763 284 999-
731 219 810 286 -99)
1047 217 1092 282 49

69 401 173 465 paene
196 378 321 444 totus
310 400 346 443 ιιι
370 398 458 442 mare
475 378 672 462 prominens
718 378 747 442 is
765 378 883 443 mirum
906 379 942 443 in
960 379 1092 444 modum

70 489 252 550 concavus,
281 464 325 531 ab
348 486 388 531 ca
413 469 505 551 parte
528 488 594 550 qua
618 469 745 569 spectat
772 488 922 533 occasum
949 467 1092 533 medium

71 556 139 621 fere
162 556 253 621 latus
277 555 394 639 aperit,
416 557 513 640 atque
534 555 641 620 inde
630 555 787 639 mgressis
810 558 900 621 totus
919 556 1092 621 admodum

73 644 209 729 pervius
237 664 340 727 prope
368 649 526 727 qnantum
552 645 647 727 patet
672 665 801 728 specu93
829 647 863 708 et
891 645 981 709 sinus
1007 645 1094 709 ultra
1112 660 1145 710 96

48 736 126 797 sest
158 733 194 797 in
227 751 330 816 eoque
363 729 508 815 Carteia,
540 734 577 796 ut
609 731 740 816 quidam
771 734 889 815 putant
921 733 1093 817 aliquando

74 822 241 903 Tartesos,
260 824 293 885 et
312 841 411 904 quam
428 819 605 885 transvecti
624 841 663 884 ex
681 818 794 885 Africa
807 818 985 885 Phoenices
1002 821 1093 885 habi·

75 912 151 975 tant
172 911 282 1061 atquct
289 906 375 972 unde
396 930 456 974 nos
475 929 585 973 smnus
604 907 811 992 Tingentera.
856 911 926 973 tum
945 907 1095 975 Mellaria

77 1001 110 1063 et
126 997 225 1063 Bello
248 999 282 1061 9
300 995 464 1082 Baesippo
488 1018 590 1080 usquc
614 996 654 1060 ad
675 996 809 1061 Iunonis
833 997 1095 1080 promunturium

78 1108 171 1152 oram
184 1083 264 1150 freti
277 1088 422 1168 occupat.
398 1084 553 1149 tillud
544 1107 610 1149 ram
623 1084 658 1149 in
676 1084 874 1150 occidentem
888 1086 921 1149 ct
940 1106 1095 1151 oceanum

42 1191 66 1231 1⁰
79 1174 244 1259 obliquo
233 1193 313 1258 rugo
331 1193 503 1238 excurrens
504 1176 629 1258 ,atque
647 1172 677 1237 ei
697 1172 810 1257 quod
801 1196 836 1239 m
849 1172 963 1238 Africa
977 1173 1095 1258 Ampe

77 1263 199 1329 lusiam
213 1283 284 1327 esse
299 1260 482 1327 dixeramus
498 1262 678 1345 adversum,
695 1283 760 1346 qna
773 1265 887 1326 nostra
901 1262 1006 1327 maria
1019 1265 1096 1327 sunt

77 1351 150 1417 finit
171 1349 287 1434 Europ
289 1371 338 1415 cn.

168 1437 278 1504 Gades
314 1437 423 1503 insula
460 1458 543 1521 quae
580 1439 720 1523 egressis
756 1390 876 1503 fretum
913 1439 1010 1504 obvia
1046 1417 1148 1544 estl⁷

79 1528 235 1595 admonet
261 1530 337 1591 ante
364 1525 506 1610 reliquas
533 1525 638 1591 dicere
671 1547 768 1611 quam
795 1527 830 1591 in
857 1527 970 1592 occani
999 1495 1148 1592 litora⁹⁷

46 1619 304 1700 cenarumque
332 1615 516 1698 circuitum,
548 1618 585 1679 ut
611 1614 706 1678 initio
734 1614 957 1699 promisimus,
990 1616 1097 1681 oratio

79 1705 224 1770 excedat.
270 1723 393 1786 paucae
417 1702 527 1768 sunt
517 1723 551 1766 ιιι
570 1701 741 1787 Maeotide,
763 1702 838 1768 inde
861 1704 948 1768 onim
970 1703 1098 1768 videtur

79 1791 380 1858 commodissimum
407 1791 563 1874 incipere3
594 1804 697 1876 ne'que
730 1813 842 1856 omnes
869 1796 982 1857 tamen
1011 1791 1098 1856 inco·

80 1882 206 1965 lnntur,
228 1901 305 1945 nam
332 1900 374 1944 ne
401 1879 522 1964 pabula
544 1879 674 1963 quidem
696 1880 788 1965 large
817 1879 934 1945 ferunt.
978 1879 1040 1945 hac
1064 1902 1098 1945 re

79 1968 307 2035 habitantibus
335 1989 410 2033 caro
439 1988 633 2053 magnorum
660 1967 797 2051 piscium
821 1968 889 2033 sole
918 1968 1038 2032 siccata
1066 1973 1099 2033 et

47 2057 115 2123 ain
141 2057 301 2142 pollinem
328 2078 429 2141 usque
457 2059 593 2122 contusa
614 2077 674 2139 pro
702 2055 789 2120 farre
817 2058 876 2120 est.
921 2075 1044 2138 paucae
1067 2058 1100 2120 et
1119 2070 1152 2120 98

82 2146 118 2211 in
139 2145 265 2229 Ponto,
285 2144 390 2210 Leuce
412 2144 625 2228 Borysthenis
650 2143 736 2208 ostio
760 2143 900 2226 obiecta,
921 2165 1022 2227 parva
1047 2142 1100 2208 ad-

82 2234 227 2318 modum,
249 2237 284 2298 et
306 2234 391 2318 quod
412 2233 460 2299 ibi
478 2232 623 2298 Achilles
647 2232 729 2297 situs
748 2236 798 2297 est
815 2230 965 2297 Achillea
983 2252 1100 2318 cogno·

84 2322 181 2389 mine.
216 2344 283 2387 non
301 2323 399 2408 longe
418 2319 582 2388 aOolchis
596 2320 677 2386 Aria
692 2342 773 2405 quae
788 2319 886 2385 Marti
905 2325 1101 2404 consecrata,

84 2416 121 2477 ut
157 2409 281 2476 fabulis
317 2411 474 2493 traditur,
514 2410 591 2475 tulit
625 2432 699 2475 eves
736 2431 809 2475 cnm
847 2432 974 2475 summa
1011 2409 1100 2475 clade

48 2499 325 2565 uadvenientium
356 2499 472 2583 pinnas
501 2498 593 2582 quasi
625 2499 690 2563 tela
722 2498 889 2564 iaculatas.
941 2519 996 2563 sex
1025 2499 1101 2563 sunt

84 2589 171 2655 inter
188 2586 296 2653 Histri
318 2588 417 2653 ostia:
441 2610 481 2652 ex
502 2587 555 2652 his
574 2585 679 2653 Peuce
701 2587 874 2652 notissima
898 2591 930 2652 et
949 2587 1101 2651 maxima.

84 2675 250 2761 Thynias,
290 2674 579 2760 Mariandynornm
614 2675 734 2740 finibus
770 2697 947 2759 proxuma,
988 2674 1102 2739 urbem

85 2763 200 2848 habet,
238 2786 336 2850 quam
374 2765 450 2849 quia
480 2763 617 2848 Bithyni
652 2764 799 2830 incolunt
830 2760 1009 2848 Bithynida
1045 2762 1099 2827 ad·

85 2853 222 2937 pellant.
272 2856 385 2918 contra
417 2852 592 2918 Thracium
623 2851 831 2935 Bosphorum
863 2851 945 2916 duae
978 2865 1153 2935 porraceo

52 2958 75 2999 ⁸9
86 2962 253 3026 parvoque
271 2941 431 3006 distantes
450 2942 557 3026 spatio
577 2945 609 3005 ct
628 2940 801 3025 aliquando
821 2940 964 3006 creditae
983 2939 1101 3004 dictae·

87 3052 148 3115 que
176 3050 368 3095 concurrere
390 3033 424 3094 et
447 3027 595 3114 Cyaneae
623 3032 781 3094 vocantur
804 3031 837 3092 et
858 3026 1102 3113 Symplegades.

158 3210 183 3259 6.
202 3203 344 3275 tartesslos
363 3203 391 3256 A
463 3209 487 3260 6.
510 3204 621 3258 melana
642 3202 671 3257 A
693 3201 823 3257 Mellaria
845 3201 990 3258 Borboros
1064 3206 1106 3254 19

90 3273 204 3329 afr-icam
223 3275 251 3329 A
313 3274 653 3344 10.11.9npelusiamA
713 3278 754 3329 13.
773 3272 860 3342 gades
879 3273 920 3327 A¹
939 3289 1008 3328 corr.
1063 3275 1105 3323 23.

90 3345 178 3400 cholis
196 3349 225 3401 A
244 3343 358 3429 Colchis
376 3293 540 3402 Reirwliiiue
594 3351 636 3400 27.
657 3361 708 3414 cyn
710 3342 752 3397 ias
770 3344 799 3398 A
813 3344 937 3412 Thynias
954 3341 1108 3397 Pintiucus

90 3432 278 3544 ω,οιίιιιοιιιιιιῖ
295 3417 336 3471 cic
347 3416 390 3542 3⁴⁴1».
445 3422 551 3542 9939
556 3362 718 3542 ,liddeum
735 3415 776 3468 A¹
794 3414 941 3486 appellant
959 3410 999 3467 A*
1064 3414 1107 3461 99.

179 3506 227 3543 um
409 3503 492 3555 cyam
505 3504 538 3543 as
625 3501 766 3554 yaueaec

144 3588 284 3638 Pomponius
298 3585 366 3627 Mela.
931 3577 949 3624 4
