2378 3930
358 217 539 275 cnosson.
558 217 585 274 11
604 225 620 274 a
639 219 802 290 (no-ns)
1043 210 1087 285 53

70 385 138 446 tres
161 403 228 446 uno
250 384 361 446 tamen
385 381 543 446 vocabulo
568 380 747 465 adpellant,
771 384 882 466 atque,
904 381 988 446 unde
1012 379 1087 447 Oar-

70 469 188 554 pathic
225 469 309 534 mari
344 488 527 554 cognomen
563 474 614 534 est
650 467 842 552 Carpathos.
896 470 931 534 in
962 467 1089 535 Hadria

70 555 235 643 Apsoros,
257 556 472 642 Dysoelados,
495 556 664 642 Absyrtis,
691 556 775 642 Issa,
798 557 929 642 Titana,
953 557 1090 644 Hydria,

69 644 269 730 Electridas,
290 646 387 731 nigra
406 643 560 731 Corcyra,
581 644 796 731 hinguarum,
818 645 1004 732 Diomedia,
1026 645 1088 712 Ae·

46 755 59 796 s
74 735 168 819 stria,
181 733 293 818 Asine,
306 737 403 819 atque
418 738 456 799 ut
464 733 680 800 Alexandriae
694 735 741 800 ita
749 733 924 799 Brundisio
938 734 1089 800 adiacens

70 822 209 888 Pharos.
247 820 368 907 Sicilia,
391 823 566 908 aliquando
584 826 623 887 ut
639 822 748 888 ferunt
767 823 935 887 continens
959 827 992 887 et
1011 839 1151 908 agr0115

71 910 205 977 Bruttio
230 910 369 995 adnexa,
396 915 474 996 post
499 911 584 977 freto
612 912 712 977 maris
736 910 835 976 Siculi
863 911 1008 976 abscissa
1032 915 1090 976 est.

71 1000 106 1065 id
135 1004 312 1085 angustum
339 1003 373 1064 et
399 1021 519 1084 anceps
548 999 674 1066 alterno
704 1021 799 1065 cursu
825 1000 920 1065 modo
950 1000 985 1064 in
1012 999 1090 1065 Tus·

74 1110 148 1155 cum
172 1088 269 1153 modo
292 1088 327 1153 in
353 1087 482 1153 Ionium
505 1089 641 1172 pelagus
668 1088 813 1172 perfluit,
841 1092 936 1153 atrox
960 1109 1091 1154 saevum

33 1198 60 1238 ro
74 1181 109 1242 et
137 1173 267 1262 Scyllae
294 1174 544 1262 Charybdisque
572 1177 678 1241 saevis
709 1177 894 1242 nominibus
923 1177 1091 1243 inclutum.

72 1263 188 1349 Scylla
210 1287 324 1330 sarum
348 1269 407 1344 est,
431 1262 613 1350 Charybdis
637 1286 740 1349 mare,
761 1268 935 1349 utrumqne
958 1267 1091 1332 noxium

72 1353 230 1438 adpulsis.
267 1355 340 1438 ipsa
357 1354 474 1439 ingens
494 1358 527 1418 et
539 1354 645 1418 tribus
663 1354 897 1437 promunturiis
911 1354 946 1419 in
965 1354 1092 1420 diversa

70 1441 1153 1616 {2122215111tlttttttlsstttttlllltltlt„1

33 1617 194 1709 abosum
228 1619 314 1704 quod
345 1621 379 1684 in
405 1618 567 1704 Africam,
598 1617 744 1684 Pelorias
778 1619 863 1703 qnod
895 1621 928 1684 in
959 1583 1091 1685 Italiam

71 1726 213 1794 vergens
232 1706 360 1792 Scyllae
383 1707 553 1773 adversum
573 1711 633 1773 est.
679 1729 778 1772 causa
794 1709 937 1774 nominis
955 1707 1090 1774 Pelorus

72 1797 277 1883 gubernator
300 1797 340 1862 ab
359 1795 546 1862 Hannibale
565 1795 685 1861 ibidem
707 1796 865 1882 conditus,
888 1818 984 1882 quem
1005 1796 1091 1862 idem

71 1885 127 1950 vir
148 1885 308 1969 profugus
332 1907 370 1950 ex
389 1885 511 1970 Africa,
535 1889 568 1949 et
589 1907 648 1968 per
671 1906 708 1949 ea
726 1885 799 1950 loca
818 1883 948 1969 Syriam
968 1889 1092 1969 petens,

74 1973 154 2059 quia
176 1975 291 2059 procul
308 1974 450 2039 intuenti
468 1973 663 2040 videbantur
681 1974 836 2038 continua
855 1994 924 2037 esse
942 1973 1041 2037 litora
1059 1977 1093 2038 et

34 2082 62 2124 ao
73 2082 144 2128 non
161 2063 310 2147 pervium
328 2062 474 2148 pelagus,
491 2062 656 2145 proditum
675 2082 709 2126 se
729 2061 905 2126 arbitratus
923 2061 1092 2126 occiderat.

73 2151 117 2216 ab
137 2171 176 2216 eo
196 2150 237 2215 ad
255 2149 445 2235 Pachynum
464 2171 521 2215 ora
544 2171 626 2235 quae
645 2149 830 2215 extenditur
851 2148 980 2214 Ionium
1002 2167 1154 2217 marem

74 2238 249 2323 adtingens
263 2238 344 2304 haec
362 2238 426 2303 fert
439 2239 606 2304 inlustria:
624 2237 818 2322 Messanam,
832 2237 1094 2324 Tauromenium,

74 2325 245 2411 Catinam,
275 2326 458 2412 Megaride,
490 2324 667 2411 Syracusas
700 2330 733 2392 et
764 2327 799 2392 in
830 2326 883 2392 his
911 2327 1093 2393 mirabilem

75 2415 286 2482 Arethusam.
322 2416 397 2481 fons
417 2416 514 2481 estin
529 2437 592 2501 quo
611 2416 763 2480 visuntur
778 2415 865 2480 iacta
882 2415 917 2480 in
930 2414 1094 2499 Alpheum

35 2523 63 2566 as
77 2527 210 2571 amnem
224 2508 262 2569 ut
280 2504 421 2570 diximus
435 2504 709 2588 Peloponnesiaco
727 2504 818 2569 litori
835 2503 992 2569 infusum:
1010 2504 1094 2569 unde

74 2594 132 2658 ille
165 2593 307 2660 creditur
338 2614 406 2658 non
442 2613 477 2657 se
509 2594 693 2658 consociare
726 2593 859 2677 pelago,
896 2592 952 2657 sed
984 2593 1096 2658 subter

74 2681 183 2748 maria
214 2685 384 2766 terrasque
416 2681 586 2764 depressus
618 2678 681 2746 huc
713 2700 810 2765 agere
838 2680 967 2746 alveum
996 2685 1094 2767 atque

74 2768 131 2835 bic
164 2791 200 2834 se
232 2792 343 2834 rursus
376 2768 542 2836 extollere.
595 2769 682 2835 inter
718 2766 909 2852 Pachynum
941 2773 975 2833 et
1005 2768 1093 2854 Lily·
1106 2785 1157 2834 118

75 2859 197 2923 haeum
211 2856 362 2944 Agragas
377 2861 428 2923 est
441 2861 475 2923 et
487 2854 649 2922 Heraclea
667 2860 701 2921 et
714 2856 887 2941 Thermae,
905 2857 992 2924 inter
1006 2856 1094 2942 Lily·

152 3073 177 3122 1.
197 3073 221 3123 2.
241 3066 369 3137 carpasio
392 3066 421 3120 A
475 3073 499 3122 2.
519 3065 670 3136 carpbatos
689 3066 717 3119 A
771 3072 796 3120 3.
815 3065 951 3135 basporos
966 3067 1008 3122 A¹
1026 3083 1095 3126 corr.

76 3140 204 3193 Asoros
222 3154 243 3192 a
297 3136 441 3192 dicedalos
460 3137 488 3190 A
506 3135 680 3204 mscehdos
702 3136 813 3193 Vossius
866 3142 891 3193 1.
910 3136 1050 3193 decirides
1068 3139 1097 3193 A

76 3155 237 3263 Electridas
251 3207 399 3263 Barbarus
457 3213 481 3264 b.
497 3205 700 3260 alexandriaA
750 3213 774 3264 1.
790 3205 896 3262 Siculis
909 3208 936 3263 A
986 3209 1096 3266 abscisa

76 3280 106 3334 A
120 3277 278 3335 abscissas
351 3284 394 3333 10.
408 3276 546 3346 inclytum
561 3277 589 3331 A
663 3284 704 3335 12.
719 3276 845 3360 adpulsis
859 3278 900 3332 A¹
914 3280 1040 3350 appulsis
1055 3280 1096 3334 A*

153 3354 252 3405 1115.
272 3348 408 3450 lilybeum
425 3347 453 3401 A
526 3354 567 3403 1⁷.
586 3346 662 3402 idem
676 3349 704 3402 A
717 3348 856 3405 ibidemo
928 3358 970 3407 19.
985 3351 1096 3405 inuenti

78 3421 120 3475 A¹
134 3419 259 3474 intuenti
276 3420 304 3476 A
371 3425 413 3474 22.
434 3417 583 3488 adtingens
597 3419 638 3474 A¹
656 3418 799 3491 attingens
814 3419 855 3474 A’
910 3421 1041 3477 inlustria
1055 3420 1096 3474 A¹

78 3490 204 3546 illustria
221 3490 262 3545 A’
335 3497 378 3546 24.
397 3489 548 3558 alphaeum
566 3489 594 3542 A
942 3546 945 3551 ζ
