2378 3930
106 186 186 272 [114]
204 210 250 251 ux
263 208 377 253 nuaram
390 208 485 253 amno
500 210 543 251 nn
554 209 770 254 oounreroum.
783 210 944 255 renorma
980 186 1024 255 59

173 338 223 402 16.
245 340 402 403 Mensurae
421 348 549 422 aguntur
570 342 730 421 generibus
751 343 862 416 tribue,
884 361 940 423 per
953 342 1074 437 ton-pff

109 443 272 523 gitudinem
295 449 325 505 et
345 443 528 506 latitudinem
552 451 581 505 et
602 442 801 514 altitudinem,
830 445 888 507 hoo
910 453 955 507 est
975 464 1023 507 re-

108 555 203 615 atum,
226 544 364 624 planum,
386 544 522 607 solidum.

174 644 223 708 17.
246 646 369 707 lleotum
394 653 438 707 est
460 648 544 708 ouius
560 646 772 727 longitudinem
789 650 853 710 sine
868 647 1023 711 latitudine

107 750 262 824 metimur,
286 756 318 809 ut
338 747 445 817 lineas,
468 751 614 827 porticus,
637 750 743 821 stadia,
768 749 904 822 miliaria,
927 750 1058 813 dumi-t

109 868 180 911 num
202 849 415 928 longitudinm,
444 858 473 911 et
495 851 541 912 his
563 851 676 913 similia.

176 949 225 1013 18.
248 950 373 1013 Planum
396 953 543 1033 estquod
567 954 673 1015 Graeci
696 952 841 1033 epipedon
865 953 1023 1034 appellant,

110 1072 167 1115 nos
188 1059 354 1114 constratos
375 1054 481 1132 pedes,
505 1055 536 1114 in
558 1072 618 1135 quo
639 1053 853 1133 longitudinem
876 1063 905 1116 et
925 1054 1024 1117 latitu-

108 1156 210 1216 dinem
232 1153 385 1215 habemus.
423 1174 477 1236 per
499 1174 575 1236 quae
597 1158 736 1217 metimur
754 1174 855 1235 agros,
878 1157 1024 1218 aedilicio·

110 1276 177 1318 rum
199 1255 271 1326 sola,
296 1275 332 1316 ex
354 1256 460 1335 quibus
483 1256 604 1319 altitudo
627 1264 677 1319 aut
699 1258 862 1320 crassitudo
880 1276 939 1318 non
955 1275 1024 1336 pro·
1044 1266 1077 1315 10

109 1360 245 1441 ponitur,
275 1366 307 1418 ut
329 1376 419 1437 opera
442 1362 580 1430 tectoria,
611 1362 812 1429 immaturas,
842 1358 968 1431 tabulas,
996 1368 1026 1421 et

111 1460 157 1520 his
180 1460 294 1522 similia.

178 1570 226 1633 19.
250 1570 382 1632 Solidum
411 1580 456 1632 est
482 1571 561 1651 quod
585 1573 690 1633 Graeci
718 1578 836 1632 stereon
866 1571 1024 1650 appellant,

111 1692 165 1734 nos
188 1674 346 1754 quadratos
367 1672 458 1751 pedes
481 1671 677 1752 appellamus,
709 1674 792 1734 euius
813 1672 1025 1750 longitudinem

112 1783 142 1837 et
162 1775 345 1836 latitudinem
368 1782 397 1836 et
412 1774 636 1835 erassitudinem
656 1775 809 1842 metimur,
834 1782 865 1834 ut
879 1776 1026 1852 parietum
1046 1778 1078 1827 15

113 1885 291 1947 structurae,
308 1875 448 1953 pilarum,
465 1875 651 1956 pyramidum
667 1882 717 1935 aut
732 1874 862 1953 lapidum
878 1877 1025 1946 materias,

112 1987 142 2039 et
164 1979 211 2038 itis
234 1976 347 2037 similia.

773 2118 778 2149 l

115 2212 186 2275 114.
232 2210 284 2273 Ex
306 2210 422 2294 Hygini
442 2212 524 2275 libro
548 2213 587 2273 de
609 2210 843 2275 condicionibus
866 2231 1024 2295 aprorum.

427 2330 507 2399 (vaae
526 2332 594 2399 prot.
614 2334 629 2395 5
648 2333 717 2396 111.)

180 2452 208 2519 1.
232 2454 294 2515 lloe
317 2472 433 2534 quoque
454 2470 514 2513 non
534 2453 766 2533 praetermittam
782 2453 860 2532 quod
877 2453 1025 2533 plerisque
1045 2466 1079 2515 20
1108 2528 1115 2541 .

114 2557 185 2617 locis
207 2558 320 2628 inveni,
344 2565 376 2617 ut
398 2558 517 2617 modum
540 2557 604 2634 agri
626 2573 685 2616 non
708 2557 843 2633 iugerum
863 2553 914 2614 sed
930 2552 1027 2633 aliquo

115 2662 234 2720 nomine
257 2656 454 2739 appellarent,
469 2665 499 2717 ut
515 2668 586 2737 puta
609 2656 696 2738 [qua]
718 2658 749 2715 in
762 2654 902 2717 Dalmatia
925 2672 1027 2715 versus
1038 2646 1079 2741 ff

114 2760 272 2841 appellant.
310 2760 387 2821 idem
410 2778 514 2821 versus
536 2759 625 2819 habet
646 2777 675 2835 p.
691 2758 755 2818 Vlll
778 2756 883 2818 DCXL.
921 2758 961 2816 ita
983 2758 1028 2816 iu·

115 2882 188 2942 gero
211 2880 312 2922 versus
335 2880 458 2921 numero
482 2867 550 2922 sunt
565 2859 604 2921 lll
619 2862 663 2922 ΖΖ.
702 2876 756 2936 ego
779 2864 875 2918 autem
891 2859 1028 2936 quotiens

116 3035 317 3043 ———-——.

186 3138 209 3186 1.
228 3136 264 3183 ad
282 3132 299 3197 8
319 3134 417 3181 16—19
440 3133 466 3180 ia
489 3129 561 3180 libra'a
578 3131 698 3194 oppletae
715 3133 773 3177 aurat
791 3130 915 3194 quaedam
929 3130 1029 3194 figurae

116 3218 201 3285 (apud
217 3220 259 3268 La
277 3214 387 3280 (ta-71)
458 3218 481 3265 7.
500 3214 583 3264 Greci
601 3214 659 3264 riori
675 3214 717 3262 La

186 3323 228 3372 21.
248 3315 352 3384 aliquo]
371 3320 442 3368 immo
461 3317 516 3368 alio
536 3331 601 3381 quo:
620 3316 688 3379 conf.
701 3318 798 3380 poda
867 3318 909 3368 22.
930 3332 983 3381 qua
996 3316 1029 3378 B,

117 3422 170 3456 orn.
187 3406 215 3464 G,
230 3420 281 3469 quo
294 3404 336 3452 La
403 3403 433 3451 in
444 3398 595 3466 Dalmatia]
611 3401 799 3465 ineampania
813 3401 918 3466 quodG
987 3401 1028 3448 24.

118 3506 214 3540 uersus
231 3505 284 3539 non
303 3492 367 3538 sunt
378 3488 412 3552 B,
431 3492 496 3538 sunt
518 3501 616 3539 uersus
636 3501 752 3538 numero
772 3486 839 3537 GLa
893 3470 1044 3533 'Ruta

105 3572 141 3634 B,
160 3559 217 3622 ἷΙῑ.
231 3574 263 3626 L.
286 3574 323 3630 G,·
342 3576 376 3625 de
393 3583 458 3628 nota
476 3578 585 3630 triantis
602 3578 664 3630 aide
682 3575 886 3645 praefationem
