2378 3930
121 220 148 274 x
258 177 261 181 ⁴
523 219 729 276 palasano

120 364 308 430 novissimis
327 365 605 450 praepositionum
624 365 880 431 consonantibus
898 364 931 430 in
946 364 1137 449 compositis

123 457 252 538 agatur,
279 477 360 539 quas
387 455 495 538 prima
520 475 635 518 manus
663 454 785 519 centies
813 453 967 537 servavit,
995 455 1138 518 secunda

121 543 220 607 toties
251 543 485 608 assimilatione
517 563 599 627 quae
631 545 767 609 vocatur
795 542 924 608 delevit.
973 541 1137 618 Quoniam

121 634 230 695 autem
249 632 355 697 minus
376 631 551 696 verisimile
566 634 630 715 est,
650 630 817 696 homiuem
830 631 995 696 indoctum
1009 653 1091 697 saec.
1105 629 1137 694 X

119 719 209 790 talia,
234 721 448 806 excogitasse,
480 718 654 785 necandam
680 741 813 785 manum
846 720 945 785 etiam
977 722 1012 785 in
1039 722 1135 785 rebus

120 809 382 893 orthographicis
406 829 444 872 ex
466 808 556 874 fonte
581 830 639 874 suo
662 809 803 892 pendere
825 809 991 892 probatur.

186 896 278 973 Quae
297 897 407 962 omnia
421 897 449 961 si
462 896 713 980 consideramus,
731 897 837 962 facere
851 918 917 962 non
937 899 1003 962 iam
1021 920 1136 982 possu-

120 1007 192 1051 mus
211 985 291 1070 quiu
306 989 477 1070 utramque
493 1007 626 1050 manum
639 985 774 1051 diversis
789 986 1027 1069 exemplaribus
1041 1009 1136 1052 usam

120 1096 190 1138 esse
213 1072 405 1157 iudicemus,
433 1095 515 1159 quae
537 1077 648 1138 tamma
671 1076 708 1138 ut
729 1073 816 1138 iuter
839 1095 872 1139 se
895 1075 1079 1161 propinqua
1102 1080 1135 1140 et

119 1162 259 1227 finitima
272 1162 372 1227 fuisse
386 1163 627 1246 contendamus,
640 1160 678 1226 eo
694 1161 892 1247 adducimur,
906 1164 991 1247 quod
1005 1169 1039 1227 et
1053 1164 1133 1230 alios

120 1272 246 1316 errores
269 1254 302 1316 et
324 1251 458 1316 lacunas
465 1247 505 1337 12)
528 1251 700 1316 nonnullas
719 1251 848 1336 utrique
866 1253 976 1316 manui
996 1248 1136 1317 commu-

118 1361 176 1403 nes
205 1361 274 1404 esse
301 1339 512 1423 percepimus.
558 1338 663 1416 Quam
691 1341 733 1404 ob
760 1361 831 1405 rem
856 1362 924 1406 non
951 1341 1135 1406 multuma

119 1449 197 1493 vero
221 1429 389 1493 aberrasse
412 1428 568 1512 videmur,
591 1449 664 1492 eum
687 1428 722 1493 in
745 1431 918 1494 stemmate
942 1428 1134 1512 explicando

116 1537 139 1598 p
162 1519 195 1580 et
216 1536 234 1582 a
254 1538 294 1580 ex
313 1516 425 1582 codem
442 1515 533 1582 fonte
551 1536 574 1582 a
591 1538 739 1582 manasse
757 1518 988 1583 iudicabamus.
1016 1517 1134 1583 Restat

119 1608 157 1668 ut
174 1604 214 1669 de
232 1606 349 1670 tertiae
368 1627 484 1670 manus
499 1605 692 1671 auctoritate
706 1606 806 1670 verba
818 1605 985 1671 faciamus.
1008 1604 1133 1671 Verum

117 1698 187 1758 tam
214 1714 319 1777 pauca
347 1697 423 1759 sunt
444 1697 576 1778 tamque
604 1694 771 1778 ambigua,
798 1716 880 1779 quae
908 1694 990 1760 haec
1015 1717 1133 1760 manus

119 1782 189 1847 sola
205 1781 326 1866 habet,
348 1785 386 1848 ut
409 1783 487 1847 certi
510 1781 686 1866 quidquam
709 1783 835 1848 definiri
857 1805 922 1848 non
944 1783 1057 1867 possit.

207 1870 279 1937 Iam
303 1872 341 1936 de
363 1871 532 1955 archetypi
549 1875 666 1936 natura
684 1875 782 1955 atque
801 1872 1001 1957 condicione,
1026 1873 1132 1956 qualis

118 1980 156 2022 ex
178 1958 302 2024 codicis
321 1960 560 2044 subscriptione
577 1981 704 2025 necnon
722 1981 760 2024 ex
778 1960 901 2044 primae
921 1963 955 2026 et
974 1961 1132 2026 secundae

118 2069 233 2113 manus
256 2048 451 2114 lectionibus
477 2050 673 2133 comparatis
700 2051 912 2134 accurateque
940 2049 1132 2114 examinatis

118 2139 288 2220 appareat,
314 2136 471 2203 iudicium
498 2137 639 2202 feramus
666 2159 797 2204 necesse
824 2142 882 2204 est.
927 2137 1036 2222 Atque
1060 2138 1133 2204 sub

118 2221 340 2311 scriptione¹³)
372 2226 449 2290 libri
480 2226 570 2291 tertii
597 2227 636 2292 fit
666 2228 887 2311 perspicuum,
920 2225 1133 2308 archetypum

117 2335 200 2379 saec.
219 2312 250 2377 V
268 2313 441 2379 Ravennae
460 2336 481 2378 a
497 2312 613 2379 Flavio
629 2313 775 2380 Rusticio
788 2313 943 2399 Helpidio
958 2311 1132 2398 Domnulo,

118 2402 303 2467 coniistorii
333 2402 465 2486 comite,
492 2402 612 2467 litteris
642 2403 843 2481 maiusculis,
874 2404 912 2466 ut
944 2401 1132 2468 diiudicarit

117 2489 317 2578 Bursian14),
341 2492 558 2576 conscriptum
584 2493 617 2556 et
635 2492 841 2558 emendatum
860 2511 940 2556 esse.
978 2488 1130 2576 Singulos

117 2584 225 2654 autem
248 2601 362 2647 versus
383 2580 453 2646 eius
470 2579 610 2666 triginta
628 2581 770 2665 quinque
788 2580 915 2645 litteras
934 2578 1131 2645 continuisse

116 2670 197 2733 satis
219 2669 392 2753 ingeniosa
413 2672 463 2735 est
486 2669 626 2751 suspicio
651 2667 756 2734 Curtii
779 2667 1011 2751 Wachsmuth,
1034 2690 1131 2751 quam

116 2778 243 2822 mecum
262 2757 514 2823 communicavit
528 2758 578 2823 vir
593 2756 809 2841 doctissimus,
827 2777 865 2822 eo
879 2757 1027 2841 probata,
1045 2756 1132 2840 quod

115 2867 197 2930 quae
226 2845 388 2913 adduntur
411 2846 431 2912 I
453 2846 496 2911 56
524 2849 557 2911 et
582 2845 700 2912 11186
728 2867 826 2910 manu
854 2845 993 2911 secunda
1019 2844 1056 2909 in
1082 2845 1131 2909 in·

27 2962 32 2969 ·
115 2934 234 2999 feriore
255 2937 404 3021 margine
430 2934 569 3017 triginta
596 2934 739 3019 quinque
762 2933 880 3000 litteris
907 2933 971 3013 (ΠΙ
995 2933 1038 3000 86
1061 2934 1129 3018 psis

117 3052 160 3075 =
178 3021 297 3109 persis)
315 3027 481 3106 constant,
504 3024 551 3088 ita
569 3023 674 3102 uthis
692 3023 985 3106 primam-manum
1003 3023 1056 3088 rel
1073 3043 1132 3106 po·

115 3149 330 3159 ——--

188 3218 233 3284 12)
251 3234 277 3272 v.
296 3216 382 3286 paulo
399 3215 481 3271 infra.

188 3288 232 3356 13)
250 3305 278 3344 v.
296 3286 442 3342 Michaelis
461 3287 480 3342 l.
499 3287 518 3341 l.
538 3286 570 3344 0.
588 3287 675 3352 Jahn,
694 3285 824 3341 Berichte
843 3286 892 3341 der
910 3285 1000 3340 stchs.
1019 3282 1083 3340 Ges.
1102 3283 1130 3341 d.

114 3355 199 3412 Wiss.
219 3357 367 3427 phil-hist.
388 3357 429 3413 01.
449 3362 516 3414 1851
536 3376 564 3428 p.
583 3363 635 3413 345
651 3375 712 3427 sqq.
744 3353 863 3412 Bursian
880 3356 899 3412 l.
918 3356 936 3410 L
955 3374 984 3426 p.
1004 3360 1064 3410 632.

190 3433 234 3497 14)
252 3426 271 3485 l.
289 3429 310 3483 l.
329 3437 356 3500 p.
376 3434 428 3483 632
452 3428 618 3500 corruptelis
640 3428 738 3484 doctus
761 3427 936 3498 (saepissime
956 3425 1025 3482 Oet
1044 3425 1083 3494 G,
1102 3424 1135 3479 F

115 3499 146 3554 et
163 3497 195 3553 E
212 3499 437 3571 confunduntur).
