<?xml version="1.0" encoding="UTF-8"?>
<!DOCTYPE html PUBLIC "-//W3C//DTD XHTML 1.0 Transitional//EN"
    "http://www.w3.org/TR/xhtml1/DTD/xhtml1-transitional.dtd">
<html xmlns="http://www.w3.org/1999/xhtml" xml:lang="en" lang="en">
 <head>
  <title>
</title>
<meta http-equiv="Content-Type" content="text/html;charset=utf-8" />
  <meta name='ocr-system' content='tesseract 3.04.00' />
  <meta name='ocr-capabilities' content='ocr_page ocr_carea ocr_par ocr_line ocrx_word'/>
</head>
<body>
  <div class='ocr_page' id='page_1' title='image "./pomponiimelaede02melagoog_0479.png"; bbox 0 0 2378 3930; ppageno 0'>
   <div class='ocr_carea' id='block_1_1' title="bbox 92 192 751 266">
    <p class='ocr_par' dir='ltr' id='par_1_1' title="bbox 92 192 751 266">
     <span class='ocr_line' id='line_1_1' title="bbox 92 192 751 266; baseline 0 -16"><span class='ocrx_word' id='word_1_1' title='bbox 92 202 137 266; x_wconf 76' lang='lat'><strong>22</strong></span> <span class='ocrx_word' id='word_1_2' title='bbox 447 192 751 251; x_wconf 80' lang='lat' dir='ltr'><strong>nmucnrsnrcrs</strong></span> 
     </span>
    </p>
   </div>
   <div class='ocr_carea' id='block_1_2' title="bbox 43 337 1109 517">
    <p class='ocr_par' dir='ltr' id='par_1_2' title="bbox 43 337 1109 517">
     <span class='ocr_line' id='line_1_2' title="bbox 43 337 1108 432; baseline -0.008 -18"><span class='ocrx_word' id='word_1_3' title='bbox 43 347 86 414; x_wconf 82' lang='grc'>17</span> <span class='ocrx_word' id='word_1_4' title='bbox 92 346 173 412; x_wconf 89' lang='lat' dir='ltr'><strong>recti</strong></span> <span class='ocrx_word' id='word_1_5' title='bbox 204 345 320 432; x_wconf 79' lang='lat' dir='ltr'><strong>regula</strong></span> <span class='ocrx_word' id='word_1_6' title='bbox 352 342 540 408; x_wconf 74' lang='lat' dir='ltr'><strong>sustinetur.</strong></span> <span class='ocrx_word' id='word_1_7' title='bbox 584 363 644 407; x_wconf 90' lang='lat' dir='ltr'><strong>nec</strong></span> <span class='ocrx_word' id='word_1_8' title='bbox 674 362 802 426; x_wconf 89' lang='lat' dir='ltr'><strong>recuso,</strong></span> <span class='ocrx_word' id='word_1_9' title='bbox 834 339 921 425; x_wconf 90' lang='lat' dir='ltr'><strong>quod</strong></span> <span class='ocrx_word' id='word_1_10' title='bbox 948 337 1108 406; x_wconf 74' lang='lat' dir='ltr'>Caecilius</span> 
     </span>
     <span class='ocr_line' id='line_1_3' title="bbox 92 430 1109 517; baseline -0.006 -17"><span class='ocrx_word' id='word_1_11' title='bbox 92 436 241 500; x_wconf 88' lang='lat' dir='ltr'><strong>adserere</strong></span> <span class='ocrx_word' id='word_1_12' title='bbox 268 435 353 499; x_wconf 88' lang='lat' dir='ltr'><strong>inter</strong></span> <span class='ocrx_word' id='word_1_13' title='bbox 379 432 554 517; x_wconf 85' lang='lat' dir='ltr'><strong>praecipua</strong></span> <span class='ocrx_word' id='word_1_14' title='bbox 577 431 708 497; x_wconf 90' lang='lat' dir='ltr'><strong>conisus</strong></span> <span class='ocrx_word' id='word_1_15' title='bbox 732 433 795 513; x_wconf 89' lang='lat' dir='ltr'><strong>est,</strong></span> <span class='ocrx_word' id='word_1_16' title='bbox 822 430 992 495; x_wconf 89' lang='lat' dir='ltr'><strong>hominem</strong></span> <span class='ocrx_word' id='word_1_17' title='bbox 1014 451 1109 494; x_wconf 89' lang='lat' dir='ltr'><strong>nosse</strong></span> 
     </span>
    </p>
   </div>
   <div class='ocr_carea' id='block_1_3' title="bbox 54 518 1144 2916">
    <p class='ocr_par' dir='ltr' id='par_1_3' title="bbox 54 518 1144 2916">
     <span class='ocr_line' id='line_1_4' title="bbox 94 518 1109 606; baseline -0.005 -17"><span class='ocrx_word' id='word_1_18' title='bbox 94 546 128 589; x_wconf 95' lang='lat' dir='ltr'><strong>se</strong></span> <span class='ocrx_word' id='word_1_19' title='bbox 151 527 185 588; x_wconf 89' lang='lat' dir='ltr'><strong>et</strong></span> <span class='ocrx_word' id='word_1_20' title='bbox 207 522 453 606; x_wconf 79' lang='lat' dir='ltr'><strong>circumspicere</strong></span> <span class='ocrx_word' id='word_1_21' title='bbox 477 520 607 603; x_wconf 89' lang='lat' dir='ltr'><strong>debere,</strong></span> <span class='ocrx_word' id='word_1_22' title='bbox 633 519 711 604; x_wconf 90' lang='lat' dir='ltr'><strong>quid</strong></span> <span class='ocrx_word' id='word_1_23' title='bbox 735 519 793 603; x_wconf 87' lang='lat' dir='ltr'><strong>sit,</strong></span> <span class='ocrx_word' id='word_1_24' title='bbox 819 518 907 583; x_wconf 90' lang='lat' dir='ltr'><strong>unde</strong></span> <span class='ocrx_word' id='word_1_25' title='bbox 929 519 988 601; x_wconf 91' lang='lat' dir='ltr'><strong>sit,</strong></span> <span class='ocrx_word' id='word_1_26' title='bbox 1011 540 1109 602; x_wconf 87' lang='lat' dir='ltr'><strong>quare</strong></span> 
     </span>
     <span class='ocr_line' id='line_1_5' title="bbox 93 608 1110 698; baseline -0.007 -20"><span class='ocrx_word' id='word_1_27' title='bbox 93 613 150 698; x_wconf 86' lang='lat' dir='ltr'><strong>sit;</strong></span> <span class='ocrx_word' id='word_1_28' title='bbox 173 616 284 678; x_wconf 87' lang='lat' dir='ltr'><strong>utrum</strong></span> <span class='ocrx_word' id='word_1_29' title='bbox 306 610 475 676; x_wconf 88' lang='lat' dir='ltr'><strong>elementis</strong></span> <span class='ocrx_word' id='word_1_30' title='bbox 497 612 668 674; x_wconf 89' lang='lat' dir='ltr'><strong>concretus</strong></span> <span class='ocrx_word' id='word_1_31' title='bbox 687 630 730 672; x_wconf 88' lang='lat' dir='ltr'><strong>an</strong></span> <span class='ocrx_word' id='word_1_32' title='bbox 748 608 962 673; x_wconf 87' lang='lat' dir='ltr'><strong>concinnatus</strong></span> <span class='ocrx_word' id='word_1_33' title='bbox 981 608 1110 692; x_wconf 85' lang='lat' dir='ltr'><strong>atomis,</strong></span> 
     </span>
     <span class='ocr_line' id='line_1_6' title="bbox 58 696 1142 786; baseline -0.005 -18"><span class='ocrx_word' id='word_1_34' title='bbox 58 720 74 768; x_wconf 80' lang='lat' dir='ltr'><strong>a</strong></span> <span class='ocrx_word' id='word_1_35' title='bbox 94 724 135 767; x_wconf 88' lang='lat' dir='ltr'><strong>an</strong></span> <span class='ocrx_word' id='word_1_36' title='bbox 154 703 265 786; x_wconf 89' lang='lat' dir='ltr'><strong>potius</strong></span> <span class='ocrx_word' id='word_1_37' title='bbox 284 723 304 765; x_wconf 91' lang='lat' dir='ltr'><strong>a</strong></span> <span class='ocrx_word' id='word_1_38' title='bbox 322 701 382 764; x_wconf 90' lang='lat' dir='ltr'><strong>deo</strong></span> <span class='ocrx_word' id='word_1_39' title='bbox 399 698 507 764; x_wconf 84' lang='lat' dir='ltr'><strong>factus</strong></span> <span class='ocrx_word' id='word_1_40' title='bbox 520 697 681 763; x_wconf 84' lang='lat' dir='ltr'><strong>formatus</strong></span> <span class='ocrx_word' id='word_1_41' title='bbox 696 696 869 763; x_wconf 87' lang='lat' dir='ltr'><strong>animatus.</strong></span> <span class='ocrx_word' id='word_1_42' title='bbox 899 696 988 781; x_wconf 91' lang='lat' dir='ltr'><strong>quod</strong></span> <span class='ocrx_word' id='word_1_43' title='bbox 1003 697 1110 781; x_wconf 89' lang='lat' dir='ltr'><strong>ipsum</strong></span> <span class='ocrx_word' id='word_1_44' title='bbox 1132 713 1142 754; x_wconf 77' lang='lat'>⁶</span> 
     </span>
     <span class='ocr_line' id='line_1_7' title="bbox 93 785 1110 875; baseline -0.003 -19"><span class='ocrx_word' id='word_1_45' title='bbox 93 791 263 875; x_wconf 86' lang='lat' dir='ltr'><strong>explorare</strong></span> <span class='ocrx_word' id='word_1_46' title='bbox 282 793 316 855; x_wconf 89' lang='lat' dir='ltr'><strong>et</strong></span> <span class='ocrx_word' id='word_1_47' title='bbox 332 809 444 854; x_wconf 90' lang='lat' dir='ltr'><strong>eruere</strong></span> <span class='ocrx_word' id='word_1_48' title='bbox 466 787 536 852; x_wconf 91' lang='lat' dir='ltr'><strong>sine</strong></span> <span class='ocrx_word' id='word_1_49' title='bbox 559 786 784 874; x_wconf 87' lang='lat' dir='ltr'><strong>uniuersitatis</strong></span> <span class='ocrx_word' id='word_1_50' title='bbox 806 785 1020 871; x_wconf 78' lang='lat' dir='ltr'><strong>inquisitione</strong></span> <span class='ocrx_word' id='word_1_51' title='bbox 1043 809 1110 853; x_wconf 95' lang='lat' dir='ltr'><strong>non</strong></span> 
     </span>
     <span class='ocr_line' id='line_1_8' title="bbox 91 876 1111 965; baseline -0.003 -21"><span class='ocrx_word' id='word_1_52' title='bbox 91 901 279 965; x_wconf 88' lang='lat' dir='ltr'><strong>possumus,</strong></span> <span class='ocrx_word' id='word_1_53' title='bbox 316 900 389 944; x_wconf 91' lang='lat' dir='ltr'><strong>cum</strong></span> <span class='ocrx_word' id='word_1_54' title='bbox 423 876 472 941; x_wconf 86' lang='lat' dir='ltr'><strong>ite</strong></span> <span class='ocrx_word' id='word_1_55' title='bbox 504 876 712 941; x_wconf 76' lang='lat' dir='ltr'><strong>cohaerentia</strong></span> <span class='ocrx_word' id='word_1_56' title='bbox 743 897 863 941; x_wconf 85' lang='lat' dir='ltr'><strong>conexa</strong></span> <span class='ocrx_word' id='word_1_57' title='bbox 895 879 1111 942; x_wconf 86' lang='lat' dir='ltr'><strong>concatenata</strong></span> 
     </span>
     <span class='ocr_line' id='line_1_9' title="bbox 91 964 1111 1053; baseline -0.006 -19"><span class='ocrx_word' id='word_1_58' title='bbox 91 973 202 1034; x_wconf 72' lang='lat' dir='ltr'><strong>amota</strong></span> <span class='ocrx_word' id='word_1_59' title='bbox 220 970 298 1053; x_wconf 86' lang='lat' dir='ltr'><strong>sint,</strong></span> <span class='ocrx_word' id='word_1_60' title='bbox 320 972 357 1032; x_wconf 89' lang='lat' dir='ltr'><strong>ut</strong></span> <span class='ocrx_word' id='word_1_61' title='bbox 378 965 444 1032; x_wconf 91' lang='lat' dir='ltr'><strong>nisi</strong></span> <span class='ocrx_word' id='word_1_62' title='bbox 467 965 651 1031; x_wconf 85' lang='lat' dir='ltr'><strong>diuinitatis</strong></span> <span class='ocrx_word' id='word_1_63' title='bbox 674 965 838 1031; x_wconf 88' lang='lat' dir='ltr'><strong>rationem</strong></span> <span class='ocrx_word' id='word_1_64' title='bbox 860 964 1038 1048; x_wconf 80' lang='lat' dir='ltr'><strong>diligenter</strong></span> <span class='ocrx_word' id='word_1_65' title='bbox 1062 986 1111 1029; x_wconf 86' lang='lat' dir='ltr'><strong>ex-</strong></span> 
     </span>
     <span class='ocr_line' id='line_1_10' title="bbox 93 1053 1111 1143; baseline -0.006 -21"><span class='ocrx_word' id='word_1_66' title='bbox 93 1057 241 1143; x_wconf 89' lang='lat' dir='ltr'><strong>cusseris,</strong></span> <span class='ocrx_word' id='word_1_67' title='bbox 258 1057 385 1122; x_wconf 89' lang='lat' dir='ltr'><strong>nescias</strong></span> <span class='ocrx_word' id='word_1_68' title='bbox 403 1055 627 1137; x_wconf 83' lang='lat' dir='ltr'><strong>humanitatis,</strong></span> <span class='ocrx_word' id='word_1_69' title='bbox 644 1075 704 1120; x_wconf 92' lang='lat' dir='ltr'><strong>nec</strong></span> <span class='ocrx_word' id='word_1_70' title='bbox 721 1055 828 1138; x_wconf 90' lang='lat' dir='ltr'><strong>possis</strong></span> <span class='ocrx_word' id='word_1_71' title='bbox 846 1053 981 1138; x_wconf 86' lang='lat' dir='ltr'><strong>pulchre</strong></span> <span class='ocrx_word' id='word_1_72' title='bbox 999 1074 1111 1139; x_wconf 84' lang='lat' dir='ltr'><strong>gerere</strong></span> 
     </span>
     <span class='ocr_line' id='line_1_11' title="bbox 92 1142 1144 1228; baseline -0.002 -18"><span class='ocrx_word' id='word_1_73' title='bbox 92 1167 161 1211; x_wconf 91' lang='lat' dir='ltr'><strong>rem</strong></span> <span class='ocrx_word' id='word_1_74' title='bbox 190 1147 335 1228; x_wconf 84' lang='lat' dir='ltr'><strong>ciuilem,</strong></span> <span class='ocrx_word' id='word_1_75' title='bbox 361 1144 426 1209; x_wconf 91' lang='lat' dir='ltr'><strong>nisi</strong></span> <span class='ocrx_word' id='word_1_76' title='bbox 451 1145 645 1227; x_wconf 74' lang='lat' dir='ltr'><strong>cognoueris</strong></span> <span class='ocrx_word' id='word_1_77' title='bbox 667 1143 753 1209; x_wconf 86' lang='lat' dir='ltr'><strong>hanc</strong></span> <span class='ocrx_word' id='word_1_78' title='bbox 775 1163 981 1208; x_wconf 90' lang='lat' dir='ltr'><strong>communem</strong></span> <span class='ocrx_word' id='word_1_79' title='bbox 1004 1142 1110 1208; x_wconf 88' lang='lat' dir='ltr'><strong>omnis</strong></span> <span class='ocrx_word' id='word_1_80' title='bbox 1123 1158 1144 1198; x_wconf 85' lang='lat'><strong>1⁰</strong></span> 
     </span>
     <span class='ocr_line' id='line_1_12' title="bbox 92 1231 1110 1317; baseline -0.004 -17"><span class='ocrx_word' id='word_1_81' title='bbox 92 1235 204 1300; x_wconf 91' lang='lat' dir='ltr'><strong>mundi</strong></span> <span class='ocrx_word' id='word_1_82' title='bbox 228 1234 405 1298; x_wconf 89' lang='lat' dir='ltr'><strong>ciuitatem.</strong></span> <span class='ocrx_word' id='word_1_83' title='bbox 441 1253 514 1297; x_wconf 91' lang='lat' dir='ltr'><strong>cum</strong></span> <span class='ocrx_word' id='word_1_84' title='bbox 534 1254 554 1296; x_wconf 90' lang='lat' dir='ltr'><strong>a</strong></span> <span class='ocrx_word' id='word_1_85' title='bbox 571 1232 742 1317; x_wconf 89' lang='lat' dir='ltr'><strong>pecoribus</strong></span> <span class='ocrx_word' id='word_1_86' title='bbox 761 1234 795 1295; x_wconf 88' lang='lat' dir='ltr'><strong>et</strong></span> <span class='ocrx_word' id='word_1_87' title='bbox 817 1231 895 1296; x_wconf 88' lang='lat' dir='ltr'><strong>feris</strong></span> <span class='ocrx_word' id='word_1_88' title='bbox 918 1231 1024 1296; x_wconf 91' lang='lat' dir='ltr'><strong>beluis</strong></span> <span class='ocrx_word' id='word_1_89' title='bbox 1048 1231 1110 1296; x_wconf 93' lang='lat' dir='ltr'><strong>hoc</strong></span> 
     </span>
     <span class='ocr_line' id='line_1_13' title="bbox 92 1319 1110 1405; baseline -0.001 -18"><span class='ocrx_word' id='word_1_90' title='bbox 92 1323 292 1405; x_wconf 86' lang='lat' dir='ltr'><strong>differamus,</strong></span> <span class='ocrx_word' id='word_1_91' title='bbox 323 1319 409 1405; x_wconf 90' lang='lat' dir='ltr'><strong>quod</strong></span> <span class='ocrx_word' id='word_1_92' title='bbox 436 1320 495 1386; x_wconf 88' lang='lat' dir='ltr'><strong>illa</strong></span> <span class='ocrx_word' id='word_1_93' title='bbox 522 1342 626 1404; x_wconf 89' lang='lat' dir='ltr'><strong>prona</strong></span> <span class='ocrx_word' id='word_1_94' title='bbox 657 1322 693 1385; x_wconf 90' lang='lat' dir='ltr'><strong>in</strong></span> <span class='ocrx_word' id='word_1_95' title='bbox 724 1323 910 1404; x_wconf 89' lang='lat' dir='ltr'><strong>terramque</strong></span> <span class='ocrx_word' id='word_1_96' title='bbox 938 1320 1110 1405; x_wconf 82' lang='lat' dir='ltr'><strong>uergcntia</strong></span> 
     </span>
     <span class='ocr_line' id='line_1_14' title="bbox 90 1409 1109 1494; baseline 0.001 -20"><span class='ocrx_word' id='word_1_97' title='bbox 90 1409 174 1474; x_wconf 91' lang='lat' dir='ltr'><strong>nihil</strong></span> <span class='ocrx_word' id='word_1_98' title='bbox 195 1414 276 1474; x_wconf 84' lang='lat' dir='ltr'><strong>nata</strong></span> <span class='ocrx_word' id='word_1_99' title='bbox 298 1413 374 1474; x_wconf 87' lang='lat' dir='ltr'><strong>sunt</strong></span> <span class='ocrx_word' id='word_1_100' title='bbox 396 1410 583 1494; x_wconf 86' lang='lat' dir='ltr'><strong>prospicere</strong></span> <span class='ocrx_word' id='word_1_101' title='bbox 605 1410 670 1475; x_wconf 92' lang='lat' dir='ltr'><strong>nisi</strong></span> <span class='ocrx_word' id='word_1_102' title='bbox 694 1409 863 1493; x_wconf 89' lang='lat' dir='ltr'><strong>pabulum,</strong></span> <span class='ocrx_word' id='word_1_103' title='bbox 891 1429 966 1490; x_wconf 89' lang='lat' dir='ltr'><strong>nos,</strong></span> <span class='ocrx_word' id='word_1_104' title='bbox 991 1409 1109 1494; x_wconf 90' lang='lat' dir='ltr'><strong>quibus</strong></span> 
     </span>
     <span class='ocr_line' id='line_1_15' title="bbox 90 1497 1109 1583; baseline 0.002 -23"><span class='ocrx_word' id='word_1_105' title='bbox 90 1497 203 1571; x_wconf 88' lang='lat' dir='ltr'><strong>uultus</strong></span> <span class='ocrx_word' id='word_1_106' title='bbox 227 1502 367 1582; x_wconf 85' lang='lat' dir='ltr'><strong>erectus,</strong></span> <span class='ocrx_word' id='word_1_107' title='bbox 394 1497 512 1583; x_wconf 90' lang='lat' dir='ltr'><strong>quihus</strong></span> <span class='ocrx_word' id='word_1_108' title='bbox 536 1501 706 1582; x_wconf 90' lang='lat' dir='ltr'><strong>suspectus</strong></span> <span class='ocrx_word' id='word_1_109' title='bbox 730 1499 765 1563; x_wconf 93' lang='lat' dir='ltr'><strong>in</strong></span> <span class='ocrx_word' id='word_1_110' title='bbox 788 1498 914 1565; x_wconf 87' lang='lat' dir='ltr'><strong>caelum</strong></span> <span class='ocrx_word' id='word_1_111' title='bbox 937 1498 1037 1563; x_wconf 88' lang='lat' dir='ltr'><strong>datus</strong></span> <span class='ocrx_word' id='word_1_112' title='bbox 1061 1503 1109 1563; x_wconf 90' lang='lat' dir='ltr'><strong>est</strong></span> 
     </span>
     <span class='ocr_line' id='line_1_16' title="bbox 91 1586 1142 1672; baseline 0.003 -23"><span class='ocrx_word' id='word_1_113' title='bbox 91 1588 124 1650; x_wconf 90' lang='lat' dir='ltr'><strong>et</strong></span> <span class='ocrx_word' id='word_1_114' title='bbox 147 1608 238 1652; x_wconf 89' lang='lat' dir='ltr'><strong>mens</strong></span> <span class='ocrx_word' id='word_1_115' title='bbox 262 1591 295 1651; x_wconf 90' lang='lat' dir='ltr'><strong>et</strong></span> <span class='ocrx_word' id='word_1_116' title='bbox 321 1586 421 1666; x_wconf 85' lang='lat' dir='ltr'><strong>ratio,</strong></span> <span class='ocrx_word' id='word_1_117' title='bbox 448 1609 506 1670; x_wconf 91' lang='lat' dir='ltr'><strong>per</strong></span> <span class='ocrx_word' id='word_1_118' title='bbox 529 1609 611 1671; x_wconf 87' lang='lat' dir='ltr'><strong>quae</strong></span> <span class='ocrx_word' id='word_1_119' title='bbox 635 1587 731 1653; x_wconf 89' lang='lat' dir='ltr'><strong>deum</strong></span> <span class='ocrx_word' id='word_1_120' title='bbox 755 1587 985 1672; x_wconf 82' lang='lat' dir='ltr'><strong>adgnoscimus</strong></span> <span class='ocrx_word' id='word_1_121' title='bbox 1010 1588 1142 1652; x_wconf 77' lang='lat' dir='ltr'><strong>senti-1⁶</strong></span> 
     </span>
     <span class='ocr_line' id='line_1_17' title="bbox 90 1675 1109 1762; baseline 0.002 -22"><span class='ocrx_word' id='word_1_122' title='bbox 90 1697 162 1740; x_wconf 88' lang='lat' dir='ltr'><strong>mus</strong></span> <span class='ocrx_word' id='word_1_123' title='bbox 185 1676 366 1760; x_wconf 82' lang='lat' dir='ltr'><strong>initiamus,</strong></span> <span class='ocrx_word' id='word_1_124' title='bbox 391 1675 543 1760; x_wconf 81' lang='lat' dir='ltr'><strong>ignorare</strong></span> <span class='ocrx_word' id='word_1_125' title='bbox 566 1698 625 1741; x_wconf 90' lang='lat' dir='ltr'><strong>nec</strong></span> <span class='ocrx_word' id='word_1_126' title='bbox 647 1675 699 1741; x_wconf 85' lang='lat' dir='ltr'><strong>fas</strong></span> <span class='ocrx_word' id='word_1_127' title='bbox 720 1698 780 1741; x_wconf 88' lang='lat' dir='ltr'><strong>nec</strong></span> <span class='ocrx_word' id='word_1_128' title='bbox 803 1676 881 1741; x_wconf 88' lang='lat' dir='ltr'><strong>licet</strong></span> <span class='ocrx_word' id='word_1_129' title='bbox 903 1677 1109 1762; x_wconf 81' lang='lat' dir='ltr'><strong>ingerentem</strong></span> 
     </span>
     <span class='ocr_line' id='line_1_18' title="bbox 91 1764 1107 1850; baseline 0.003 -22"><span class='ocrx_word' id='word_1_130' title='bbox 91 1786 162 1830; x_wconf 90' lang='lat' dir='ltr'><strong>sese</strong></span> <span class='ocrx_word' id='word_1_131' title='bbox 191 1765 293 1830; x_wconf 87' lang='lat' dir='ltr'><strong>oculis</strong></span> <span class='ocrx_word' id='word_1_132' title='bbox 321 1769 355 1829; x_wconf 91' lang='lat' dir='ltr'><strong>et</strong></span> <span class='ocrx_word' id='word_1_133' title='bbox 382 1764 530 1830; x_wconf 91' lang='lat' dir='ltr'><strong>sensibus</strong></span> <span class='ocrx_word' id='word_1_134' title='bbox 560 1764 682 1829; x_wconf 87' lang='lat' dir='ltr'><strong>nostris</strong></span> <span class='ocrx_word' id='word_1_135' title='bbox 711 1765 882 1830; x_wconf 88' lang='lat' dir='ltr'><strong>caelestem</strong></span> <span class='ocrx_word' id='word_1_136' title='bbox 911 1765 1107 1850; x_wconf 81' lang='lat' dir='ltr'><strong>claritatem3</strong></span> 
     </span>
     <span class='ocr_line' id='line_1_19' title="bbox 55 1853 1107 1939; baseline 0.002 -22"><span class='ocrx_word' id='word_1_137' title='bbox 55 1870 71 1917; x_wconf 86' lang='lat'><strong>3</strong></span> <span class='ocrx_word' id='word_1_138' title='bbox 91 1855 254 1939; x_wconf 81' lang='lat' dir='ltr'><strong>sacrilegii</strong></span> <span class='ocrx_word' id='word_1_139' title='bbox 278 1853 364 1918; x_wconf 90' lang='lat' dir='ltr'><strong>enim</strong></span> <span class='ocrx_word' id='word_1_140' title='bbox 388 1853 440 1918; x_wconf 91' lang='lat' dir='ltr'><strong>uel</strong></span> <span class='ocrx_word' id='word_1_141' title='bbox 463 1853 603 1918; x_wconf 84' lang='lat' dir='ltr'><strong>maxime</strong></span> <span class='ocrx_word' id='word_1_142' title='bbox 626 1854 732 1919; x_wconf 88' lang='lat' dir='ltr'><strong>instar</strong></span> <span class='ocrx_word' id='word_1_143' title='bbox 755 1857 818 1938; x_wconf 89' lang='lat' dir='ltr'><strong>est,</strong></span> <span class='ocrx_word' id='word_1_144' title='bbox 839 1854 932 1919; x_wconf 90' lang='lat' dir='ltr'><strong>humi</strong></span> <span class='ocrx_word' id='word_1_145' title='bbox 952 1876 1107 1939; x_wconf 81' lang='lat' dir='ltr'><strong>quaerere</strong></span> 
     </span>
     <span class='ocr_line' id='line_1_20' title="bbox 91 1941 1108 2028; baseline 0.002 -22"><span class='ocrx_word' id='word_1_146' title='bbox 91 1943 177 2027; x_wconf 86' lang='lat' dir='ltr'><strong>quod</strong></span> <span class='ocrx_word' id='word_1_147' title='bbox 209 1944 243 2008; x_wconf 90' lang='lat' dir='ltr'><strong>in</strong></span> <span class='ocrx_word' id='word_1_148' title='bbox 275 1941 409 2007; x_wconf 89' lang='lat' dir='ltr'><strong>sublimi</strong></span> <span class='ocrx_word' id='word_1_149' title='bbox 440 1942 558 2007; x_wconf 80' lang='lat' dir='ltr'><strong>debeas</strong></span> <span class='ocrx_word' id='word_1_150' title='bbox 590 1942 746 2008; x_wconf 88' lang='lat' dir='ltr'><strong>inuenire.</strong></span> <span class='ocrx_word' id='word_1_151' title='bbox 792 1964 855 2028; x_wconf 92' lang='lat' dir='ltr'><strong>quo</strong></span> <span class='ocrx_word' id='word_1_152' title='bbox 884 1943 991 2028; x_wconf 88' lang='lat' dir='ltr'><strong>magis</strong></span> <span class='ocrx_word' id='word_1_153' title='bbox 1026 1944 1108 2008; x_wconf 94' lang='lat' dir='ltr'><strong>mihi</strong></span> 
     </span>
     <span class='ocr_line' id='line_1_21' title="bbox 91 2031 1141 2117; baseline 0.002 -22"><span class='ocrx_word' id='word_1_154' title='bbox 91 2031 241 2097; x_wconf 89' lang='lat' dir='ltr'><strong>uidentur</strong></span> <span class='ocrx_word' id='word_1_155' title='bbox 268 2032 323 2117; x_wconf 91' lang='lat' dir='ltr'><strong>qui</strong></span> <span class='ocrx_word' id='word_1_156' title='bbox 350 2031 435 2096; x_wconf 90' lang='lat' dir='ltr'><strong>hunc</strong></span> <span class='ocrx_word' id='word_1_157' title='bbox 463 2031 575 2095; x_wconf 90' lang='lat' dir='ltr'><strong>mundi</strong></span> <span class='ocrx_word' id='word_1_158' title='bbox 604 2032 704 2096; x_wconf 89' lang='lat' dir='ltr'><strong>totius</strong></span> <span class='ocrx_word' id='word_1_159' title='bbox 728 2036 880 2096; x_wconf 89' lang='lat' dir='ltr'><strong>ornatum</strong></span> <span class='ocrx_word' id='word_1_160' title='bbox 903 2053 972 2097; x_wconf 89' lang='lat' dir='ltr'><strong>uon</strong></span> <span class='ocrx_word' id='word_1_161' title='bbox 997 2032 1107 2097; x_wconf 85' lang='lat' dir='ltr'><strong>diuina</strong></span> <span class='ocrx_word' id='word_1_162' title='bbox 1120 2049 1141 2088; x_wconf 72' lang='lat'><strong>2⁰</strong></span> 
     </span>
     <span class='ocr_line' id='line_1_22' title="bbox 90 2120 1108 2204; baseline 0.002 -20"><span class='ocrx_word' id='word_1_163' title='bbox 90 2122 216 2187; x_wconf 90' lang='lat' dir='ltr'><strong>ratione</strong></span> <span class='ocrx_word' id='word_1_164' title='bbox 236 2120 416 2204; x_wconf 84' lang='lat' dir='ltr'><strong>perfectum</strong></span> <span class='ocrx_word' id='word_1_165' title='bbox 431 2121 556 2203; x_wconf 88' lang='lat' dir='ltr'><strong>uolunt,</strong></span> <span class='ocrx_word' id='word_1_166' title='bbox 575 2120 632 2184; x_wconf 91' lang='lat' dir='ltr'><strong>sed</strong></span> <span class='ocrx_word' id='word_1_167' title='bbox 648 2120 763 2185; x_wconf 88' lang='lat' dir='ltr'><strong>frustis</strong></span> <span class='ocrx_word' id='word_1_168' title='bbox 777 2120 971 2204; x_wconf 88' lang='lat' dir='ltr'><strong>quibusdam</strong></span> <span class='ocrx_word' id='word_1_169' title='bbox 985 2126 1108 2186; x_wconf 87' lang='lat' dir='ltr'><strong>temere</strong></span> 
     </span>
     <span class='ocr_line' id='line_1_23' title="bbox 91 2209 1107 2294; baseline 0.002 -21"><span class='ocrx_word' id='word_1_170' title='bbox 91 2210 339 2275; x_wconf 83' lang='lat' dir='ltr'><strong>cohaerentibus</strong></span> <span class='ocrx_word' id='word_1_171' title='bbox 372 2209 618 2294; x_wconf 83' lang='lat' dir='ltr'><strong>conglobatum,</strong></span> <span class='ocrx_word' id='word_1_172' title='bbox 654 2212 798 2275; x_wconf 89' lang='lat' dir='ltr'><strong>mentem</strong></span> <span class='ocrx_word' id='word_1_173' title='bbox 832 2231 962 2274; x_wconf 92' lang='lat' dir='ltr'><strong>sensum</strong></span> <span class='ocrx_word' id='word_1_174' title='bbox 996 2211 1107 2275; x_wconf 89' lang='lat' dir='ltr'><strong>oculos</strong></span> 
     </span>
     <span class='ocr_line' id='line_1_24' title="bbox 54 2297 1107 2384; baseline 0 -22"><span class='ocrx_word' id='word_1_175' title='bbox 54 2313 72 2361; x_wconf 85' lang='lat'>4</span> <span class='ocrx_word' id='word_1_176' title='bbox 91 2298 226 2382; x_wconf 90' lang='lat' dir='ltr'><strong>denique</strong></span> <span class='ocrx_word' id='word_1_177' title='bbox 249 2299 339 2381; x_wconf 90' lang='lat' dir='ltr'><strong>ipsos</strong></span> <span class='ocrx_word' id='word_1_178' title='bbox 363 2319 429 2361; x_wconf 91' lang='lat' dir='ltr'><strong>non</strong></span> <span class='ocrx_word' id='word_1_179' title='bbox 454 2297 581 2364; x_wconf 87' lang='lat' dir='ltr'><strong>habere.</strong></span> <span class='ocrx_word' id='word_1_180' title='bbox 614 2299 691 2384; x_wconf 90' lang='lat' dir='ltr'><strong>quid</strong></span> <span class='ocrx_word' id='word_1_181' title='bbox 715 2299 800 2363; x_wconf 90' lang='lat' dir='ltr'><strong>enim</strong></span> <span class='ocrx_word' id='word_1_182' title='bbox 819 2302 1020 2382; x_wconf 89' lang='lat' dir='ltr'><strong>potestesse</strong></span> <span class='ocrx_word' id='word_1_183' title='bbox 1040 2304 1107 2363; x_wconf 88' lang='lat' dir='ltr'><strong>tam</strong></span> 
     </span>
     <span class='ocr_line' id='line_1_25' title="bbox 91 2385 1106 2473; baseline 0.003 -25"><span class='ocrx_word' id='word_1_184' title='bbox 91 2391 251 2471; x_wconf 87' lang='lat' dir='ltr'><strong>apertum,</strong></span> <span class='ocrx_word' id='word_1_185' title='bbox 287 2388 356 2449; x_wconf 87' lang='lat' dir='ltr'><strong>tam</strong></span> <span class='ocrx_word' id='word_1_186' title='bbox 390 2385 574 2450; x_wconf 88' lang='lat' dir='ltr'><strong>confessum</strong></span> <span class='ocrx_word' id='word_1_187' title='bbox 608 2392 741 2473; x_wconf 85' lang='lat' dir='ltr'><strong>tamque</strong></span> <span class='ocrx_word' id='word_1_188' title='bbox 774 2387 996 2471; x_wconf 89' lang='lat' dir='ltr'><strong>perspicuum,</strong></span> <span class='ocrx_word' id='word_1_189' title='bbox 1034 2409 1106 2452; x_wconf 92' lang='lat' dir='ltr'><strong>cum</strong></span> 
     </span>
     <span class='ocr_line' id='line_1_26' title="bbox 93 2474 1140 2561; baseline 0.004 -23"><span class='ocrx_word' id='word_1_190' title='bbox 93 2475 204 2538; x_wconf 89' lang='lat' dir='ltr'><strong>oculos</strong></span> <span class='ocrx_word' id='word_1_191' title='bbox 231 2475 266 2537; x_wconf 93' lang='lat' dir='ltr'><strong>in</strong></span> <span class='ocrx_word' id='word_1_192' title='bbox 291 2474 415 2538; x_wconf 88' lang='lat' dir='ltr'><strong>eaelum</strong></span> <span class='ocrx_word' id='word_1_193' title='bbox 439 2475 608 2540; x_wconf 85' lang='lat' dir='ltr'><strong>sustuleris</strong></span> <span class='ocrx_word' id='word_1_194' title='bbox 632 2483 665 2542; x_wconf 91' lang='lat' dir='ltr'><strong>et</strong></span> <span class='ocrx_word' id='word_1_195' title='bbox 688 2499 770 2561; x_wconf 88' lang='lat' dir='ltr'><strong>quae</strong></span> <span class='ocrx_word' id='word_1_196' title='bbox 795 2479 873 2541; x_wconf 91' lang='lat' dir='ltr'><strong>sunt</strong></span> <span class='ocrx_word' id='word_1_197' title='bbox 895 2476 984 2540; x_wconf 88' lang='lat' dir='ltr'><strong>infra</strong></span> <span class='ocrx_word' id='word_1_198' title='bbox 1008 2477 1105 2542; x_wconf 86' lang='lat' dir='ltr'><strong>circa·</strong></span> <span class='ocrx_word' id='word_1_199' title='bbox 1119 2492 1140 2532; x_wconf 76' lang='lat'><strong>25</strong></span> 
     </span>
     <span class='ocr_line' id='line_1_27' title="bbox 93 2562 1105 2649; baseline 0.002 -23"><span class='ocrx_word' id='word_1_200' title='bbox 93 2583 155 2644; x_wconf 90' lang='lat' dir='ltr'><strong>que</strong></span> <span class='ocrx_word' id='word_1_201' title='bbox 184 2562 388 2647; x_wconf 85' lang='lat' dir='ltr'><strong>lustraueris‚</strong></span> <span class='ocrx_word' id='word_1_202' title='bbox 416 2584 513 2646; x_wconf 91' lang='lat' dir='ltr'><strong>quam</strong></span> <span class='ocrx_word' id='word_1_203' title='bbox 543 2586 613 2630; x_wconf 90' lang='lat' dir='ltr'><strong>esse</strong></span> <span class='ocrx_word' id='word_1_204' title='bbox 640 2566 770 2649; x_wconf 88' lang='lat' dir='ltr'><strong>aliquod</strong></span> <span class='ocrx_word' id='word_1_205' title='bbox 793 2587 913 2629; x_wconf 90' lang='lat' dir='ltr'><strong>numen</strong></span> <span class='ocrx_word' id='word_1_206' title='bbox 936 2569 1105 2648; x_wconf 85' lang='lat' dir='ltr'><strong>praestan-</strong></span> 
     </span>
     <span class='ocr_line' id='line_1_28' title="bbox 94 2651 1107 2738; baseline 0.004 -25"><span class='ocrx_word' id='word_1_207' title='bbox 94 2651 240 2716; x_wconf 89' lang='lat' dir='ltr'><strong>tissimae</strong></span> <span class='ocrx_word' id='word_1_208' title='bbox 259 2651 387 2734; x_wconf 84' lang='lat' dir='ltr'><strong>mentis,</strong></span> <span class='ocrx_word' id='word_1_209' title='bbox 406 2674 469 2736; x_wconf 91' lang='lat' dir='ltr'><strong>quo</strong></span> <span class='ocrx_word' id='word_1_210' title='bbox 484 2654 589 2716; x_wconf 89' lang='lat' dir='ltr'><strong>omnis</strong></span> <span class='ocrx_word' id='word_1_211' title='bbox 608 2657 726 2718; x_wconf 87' lang='lat' dir='ltr'><strong>natura</strong></span> <span class='ocrx_word' id='word_1_212' title='bbox 744 2655 923 2738; x_wconf 89' lang='lat' dir='ltr'><strong>inspiretur</strong></span> <span class='ocrx_word' id='word_1_213' title='bbox 937 2659 1107 2718; x_wconf 87' lang='lat' dir='ltr'><strong>moueatur</strong></span> 
     </span>
     <span class='ocr_line' id='line_1_29' title="bbox 55 2739 1106 2827; baseline 0.004 -24"><span class='ocrx_word' id='word_1_214' title='bbox 55 2754 72 2803; x_wconf 80' lang='lat'><strong>5</strong></span> <span class='ocrx_word' id='word_1_215' title='bbox 96 2739 204 2803; x_wconf 87' lang='lat' dir='ltr'><strong>alatur</strong></span> <span class='ocrx_word' id='word_1_216' title='bbox 227 2741 447 2825; x_wconf 76' lang='lat' dir='ltr'><strong>gubernetur?</strong></span> <span class='ocrx_word' id='word_1_217' title='bbox 470 2740 595 2804; x_wconf 88' lang='lat' dir='ltr'><strong>caelum</strong></span> <span class='ocrx_word' id='word_1_218' title='bbox 618 2742 725 2827; x_wconf 91' lang='lat' dir='ltr'><strong>ipsum</strong></span> <span class='ocrx_word' id='word_1_219' title='bbox 742 2742 818 2807; x_wconf 92' lang='lat' dir='ltr'><strong>uide</strong></span> <span class='ocrx_word' id='word_1_220' title='bbox 838 2765 934 2826; x_wconf 88' lang='lat' dir='ltr'><strong>quam</strong></span> <span class='ocrx_word' id='word_1_221' title='bbox 953 2743 1020 2806; x_wconf 90' lang='lat' dir='ltr'><strong>late</strong></span> <span class='ocrx_word' id='word_1_222' title='bbox 1039 2747 1106 2807; x_wconf 88' lang='lat' dir='ltr'><strong>teu·</strong></span> 
     </span>
     <span class='ocr_line' id='line_1_30' title="bbox 95 2827 1104 2916; baseline 0.005 -26"><span class='ocrx_word' id='word_1_223' title='bbox 95 2827 191 2911; x_wconf 90' lang='lat' dir='ltr'><strong>ditur,</strong></span> <span class='ocrx_word' id='word_1_224' title='bbox 210 2850 307 2911; x_wconf 88' lang='lat' dir='ltr'><strong>quam</strong></span> <span class='ocrx_word' id='word_1_225' title='bbox 325 2830 438 2913; x_wconf 89' lang='lat' dir='ltr'><strong>rapide</strong></span> <span class='ocrx_word' id='word_1_226' title='bbox 457 2830 610 2911; x_wconf 87' lang='lat' dir='ltr'><strong>uoluitur,</strong></span> <span class='ocrx_word' id='word_1_227' title='bbox 628 2832 681 2896; x_wconf 91' lang='lat' dir='ltr'><strong>uel</strong></span> <span class='ocrx_word' id='word_1_228' title='bbox 700 2832 785 2916; x_wconf 92' lang='lat' dir='ltr'><strong>quod</strong></span> <span class='ocrx_word' id='word_1_229' title='bbox 804 2831 839 2895; x_wconf 92' lang='lat' dir='ltr'><strong>in</strong></span> <span class='ocrx_word' id='word_1_230' title='bbox 857 2835 987 2896; x_wconf 90' lang='lat' dir='ltr'><strong>noctem</strong></span> <span class='ocrx_word' id='word_1_231' title='bbox 1007 2833 1104 2895; x_wconf 87' lang='lat' dir='ltr'><strong>astris</strong></span> 
     </span>
    </p>
   </div>
   <div class='ocr_carea' id='block_1_4' title="bbox 66 2984 1125 3638">
    <p class='ocr_par' dir='ltr' id='par_1_4' title="bbox 66 2984 1125 3638">
     <span class='ocr_line' id='line_1_31' title="bbox 162 2984 1106 3131; baseline 0.004 -93"><span class='ocrx_word' id='word_1_232' title='bbox 162 2990 179 3038; x_wconf 87' lang='lat'>4</span> <span class='ocrx_word' id='word_1_233' title='bbox 203 2984 366 3040; x_wconf 88' lang='lat' dir='ltr'><strong>aelementis</strong></span> <span class='ocrx_word' id='word_1_234' title='bbox 384 3018 420 3026; x_wconf 91' lang='lat'><em>-</em></span> <span class='ocrx_word' id='word_1_235' title='bbox 439 2986 562 3041; x_wconf 89' lang='lat' dir='ltr'><strong>athomis</strong></span> <span class='ocrx_word' id='word_1_236' title='bbox 586 2993 606 3039; x_wconf 80' lang='grc' dir='ltr'><strong>Ρ</strong></span> <span class='ocrx_word' id='word_1_237' title='bbox 628 2988 637 3056; x_wconf 88' lang='lat' dir='ltr'><strong>l</strong></span> <span class='ocrx_word' id='word_1_238' title='bbox 660 2993 676 3043; x_wconf 90' lang='lat'>8</span> <span class='ocrx_word' id='word_1_239' title='bbox 701 2989 802 3043; x_wconf 87' lang='lat' dir='ltr'><strong>cuncta</strong></span> <span class='ocrx_word' id='word_1_240' title='bbox 824 2989 935 3043; x_wconf 76' lang='lat' dir='ltr'><strong>addidit</strong></span> <span class='ocrx_word' id='word_1_241' title='bbox 954 2987 1079 3043; x_wconf 80' lang='lat' dir='ltr'><strong>Kocbc&#39;ae</strong></span> <span class='ocrx_word' id='word_1_242' title='bbox 1096 2988 1106 3131; x_wconf 50' lang='grc' dir='ltr'><strong>’ὗ</strong></span> 
     </span>
     <span class='ocr_line' id='line_1_32' title="bbox 94 3055 1087 3128; baseline 0.003 -17"><span class='ocrx_word' id='word_1_243' title='bbox 94 3062 127 3111; x_wconf 88' lang='grc'><strong>10</strong></span> <span class='ocrx_word' id='word_1_244' title='bbox 142 3055 231 3109; x_wconf 90' lang='lat' dir='ltr'><strong>omnis</strong></span> <span class='ocrx_word' id='word_1_245' title='bbox 246 3057 526 3124; x_wconf 79' lang='lat' dir='ltr'><strong>scripsi:omnium1’</strong></span> <span class='ocrx_word' id='word_1_246' title='bbox 541 3057 674 3127; x_wconf 86' lang='lat' dir='ltr'><strong>(partium</strong></span> <span class='ocrx_word' id='word_1_247' title='bbox 687 3059 854 3127; x_wconf 84' lang='lat' dir='ltr'><strong>postmundi</strong></span> <span class='ocrx_word' id='word_1_248' title='bbox 863 3059 1087 3128; x_wconf 79' lang='lat' dir='ltr'><strong>addithchc&#39;us)</strong></span> 
     </span>
     <span class='ocr_line' id='line_1_33' title="bbox 95 3125 1105 3202; baseline 0.005 -20"><span class='ocrx_word' id='word_1_249' title='bbox 95 3133 126 3182; x_wconf 92' lang='lat'><strong>11</strong></span> <span class='ocrx_word' id='word_1_250' title='bbox 146 3125 300 3194; x_wconf 89' lang='lat' dir='ltr'><strong>ciuitatem,</strong></span> <span class='ocrx_word' id='word_1_251' title='bbox 319 3129 468 3198; x_wconf 83' lang='lat' dir='ltr'><strong>praecipue</strong></span> <span class='ocrx_word' id='word_1_252' title='bbox 488 3147 551 3183; x_wconf 91' lang='lat' dir='ltr'><strong>cum</strong></span> <span class='ocrx_word' id='word_1_253' title='bbox 570 3145 587 3182; x_wconf 90' lang='lat' dir='ltr'><strong>a</strong></span> <span class='ocrx_word' id='word_1_254' title='bbox 604 3129 671 3184; x_wconf 87' lang='lat' dir='ltr'><strong>feris</strong></span> <span class='ocrx_word' id='word_1_255' title='bbox 690 3130 781 3184; x_wconf 89' lang='lat' dir='ltr'><strong>beluis</strong></span> <span class='ocrx_word' id='word_1_256' title='bbox 794 3129 849 3185; x_wconf 91' lang='lat' dir='ltr'><strong>hoc</strong></span> <span class='ocrx_word' id='word_1_257' title='bbox 863 3129 920 3184; x_wconf 82' lang='lat' dir='ltr'><strong>diff.</strong></span> <span class='ocrx_word' id='word_1_258' title='bbox 934 3134 954 3182; x_wconf 87' lang='lat'><strong>1’</strong></span> <span class='ocrx_word' id='word_1_259' title='bbox 968 3135 994 3184; x_wconf 82' lang='lat' dir='ltr'><strong>et</strong></span> <span class='ocrx_word' id='word_1_260' title='bbox 1012 3132 1105 3202; x_wconf 79' lang='lat' dir='ltr'><strong>scalpo,</strong></span> 
     </span>
     <span class='ocr_line' id='line_1_34' title="bbox 92 3199 1105 3270; baseline 0.004 -16"><span class='ocrx_word' id='word_1_261' title='bbox 92 3200 124 3254; x_wconf 81' lang='lat' dir='ltr'><strong>ia</strong></span> <span class='ocrx_word' id='word_1_262' title='bbox 146 3216 202 3269; x_wconf 72' lang='lat' dir='ltr'><strong>qua</strong></span> <span class='ocrx_word' id='word_1_263' title='bbox 219 3199 358 3267; x_wconf 72' lang='lat' dir='ltr'><strong>scriptura</strong></span> <span class='ocrx_word' id='word_1_264' title='bbox 376 3216 461 3268; x_wconf 77' lang='lat' dir='ltr'><strong>neque</strong></span> <span class='ocrx_word' id='word_1_265' title='bbox 478 3217 580 3255; x_wconf 75' lang='lat' dir='ltr'><strong>nexam</strong></span> <span class='ocrx_word' id='word_1_266' title='bbox 599 3218 658 3256; x_wconf 81' lang='lat' dir='ltr'><strong>cam</strong></span> <span class='ocrx_word' id='word_1_267' title='bbox 672 3203 817 3269; x_wconf 73' lang='lat' dir='ltr'><strong>prioribus</strong></span> <span class='ocrx_word' id='word_1_268' title='bbox 834 3203 971 3257; x_wconf 79' lang='lat' dir='ltr'><strong>causalem</strong></span> <span class='ocrx_word' id='word_1_269' title='bbox 990 3219 1105 3270; x_wconf 79' lang='lat' dir='ltr'><strong>apaoseo</strong></span> 
     </span>
     <span class='ocr_line' id='line_1_35' title="bbox 91 3271 1105 3342; baseline 0.002 -16"><span class='ocrx_word' id='word_1_270' title='bbox 91 3288 176 3341; x_wconf 72' lang='lat' dir='ltr'><strong>acque</strong></span> <span class='ocrx_word' id='word_1_271' title='bbox 194 3271 274 3326; x_wconf 78' lang='lat' dir='ltr'><strong>uideo</strong></span> <span class='ocrx_word' id='word_1_272' title='bbox 292 3272 422 3339; x_wconf 80' lang='lat' dir='ltr'><strong>quomodo</strong></span> <span class='ocrx_word' id='word_1_273' title='bbox 441 3271 479 3325; x_wconf 84' lang='lat' dir='ltr'><strong>ad</strong></span> <span class='ocrx_word' id='word_1_274' title='bbox 498 3272 571 3327; x_wconf 87' lang='lat' dir='ltr'><strong>feras</strong></span> <span class='ocrx_word' id='word_1_275' title='bbox 589 3272 686 3327; x_wconf 90' lang='lat' dir='ltr'><strong>beluas</strong></span> <span class='ocrx_word' id='word_1_276' title='bbox 705 3278 824 3340; x_wconf 72' lang='lat' dir='ltr'><strong>specum</strong></span> <span class='ocrx_word' id='word_1_277' title='bbox 834 3273 922 3341; x_wconf 77' lang='lat' dir='ltr'><strong>possit</strong></span> <span class='ocrx_word' id='word_1_278' title='bbox 935 3271 988 3325; x_wconf 88' lang='lat' dir='ltr'><strong>illa</strong></span> <span class='ocrx_word' id='word_1_279' title='bbox 1001 3289 1105 3342; x_wconf 87' lang='lat' dir='ltr'><strong>prona;</strong></span> 
     </span>
     <span class='ocr_line' id='line_1_36' title="bbox 91 3342 1103 3413; baseline 0.002 -17"><span class='ocrx_word' id='word_1_280' title='bbox 91 3344 164 3397; x_wconf 77' lang='lat' dir='ltr'><strong>aude</strong></span> <span class='ocrx_word' id='word_1_281' title='bbox 186 3342 258 3412; x_wconf 78' lang='lat' dir='ltr'><strong>qaod</strong></span> <span class='ocrx_word' id='word_1_282' title='bbox 281 3357 367 3410; x_wconf 73' lang='lat' dir='ltr'><strong>supra</strong></span> <span class='ocrx_word' id='word_1_283' title='bbox 390 3342 491 3409; x_wconf 77' lang='lat' dir='ltr'><strong>lepitur</strong></span> <span class='ocrx_word' id='word_1_284' title='bbox 509 3345 573 3398; x_wconf 78' lang='lat' dir='ltr'><strong>dedi</strong></span> <span class='ocrx_word' id='word_1_285' title='bbox 591 3343 747 3412; x_wconf 88' lang='lat' dir='ltr'><strong>(pecoribus</strong></span> <span class='ocrx_word' id='word_1_286' title='bbox 766 3346 795 3397; x_wconf 92' lang='lat' dir='ltr'><strong>et</strong></span> <span class='ocrx_word' id='word_1_287' title='bbox 811 3344 957 3399; x_wconf 79' lang='lat' dir='ltr'><strong>traiectum</strong></span> <span class='ocrx_word' id='word_1_288' title='bbox 975 3344 1008 3397; x_wconf 74' lang='lat' dir='ltr'><strong>ia</strong></span> <span class='ocrx_word' id='word_1_289' title='bbox 1025 3361 1103 3413; x_wconf 83' lang='lat' dir='ltr'><strong>prae·</strong></span> 
     </span>
     <span class='ocr_line' id='line_1_37' title="bbox 91 3413 1104 3483; baseline 0.002 -16"><span class='ocrx_word' id='word_1_290' title='bbox 91 3413 173 3483; x_wconf 91' lang='lat' dir='ltr'><strong>cipue</strong></span> <span class='ocrx_word' id='word_1_291' title='bbox 191 3418 325 3468; x_wconf 81' lang='lat' dir='ltr'><strong>mutatum</strong></span> <span class='ocrx_word' id='word_1_292' title='bbox 343 3414 391 3479; x_wconf 83' lang='lat' dir='ltr'><strong>eet)</strong></span> <span class='ocrx_word' id='word_1_293' title='bbox 410 3414 420 3481; x_wconf 79' lang='grc' dir='ltr'><strong>ΙΙ</strong></span> <span class='ocrx_word' id='word_1_294' title='bbox 439 3418 472 3469; x_wconf 84' lang='grc'>13</span> <span class='ocrx_word' id='word_1_295' title='bbox 493 3418 559 3469; x_wconf 89' lang='lat' dir='ltr'><strong>suut</strong></span> <span class='ocrx_word' id='word_1_296' title='bbox 576 3414 772 3468; x_wconf 78' lang='lat' dir='ltr'><strong>Hcamuaaae:</strong></span> <span class='ocrx_word' id='word_1_297' title='bbox 795 3414 851 3468; x_wconf 90' lang='lat' dir='ltr'><strong>sint</strong></span> <span class='ocrx_word' id='word_1_298' title='bbox 868 3415 911 3482; x_wconf 73' lang='lat' dir='ltr'><strong>Pl</strong></span> <span class='ocrx_word' id='word_1_299' title='bbox 927 3419 959 3468; x_wconf 83' lang='lat' dir='ltr'><strong>lt</strong></span> <span class='ocrx_word' id='word_1_300' title='bbox 979 3417 1009 3469; x_wconf 91' lang='lat' dir='ltr'><strong>et</strong></span> <span class='ocrx_word' id='word_1_301' title='bbox 1026 3432 1104 3470; x_wconf 88' lang='lat' dir='ltr'><strong>mens</strong></span> 
     </span>
     <span class='ocr_line' id='line_1_38' title="bbox 82 3482 1105 3560; baseline -0.003 -20"><span class='ocrx_word' id='word_1_302' title='bbox 82 3486 190 3557; x_wconf 57' lang='lat' dir='ltr'><strong>sordeat</strong></span> <span class='ocrx_word' id='word_1_303' title='bbox 200 3488 300 3560; x_wconf 66' lang='lat' dir='ltr'><strong>(cupra</strong></span> <span class='ocrx_word' id='word_1_304' title='bbox 310 3502 341 3558; x_wconf 79' lang='lat' dir='ltr'><strong>p.</strong></span> <span class='ocrx_word' id='word_1_305' title='bbox 351 3482 468 3558; x_wconf 72' lang='lat' dir='ltr'><strong>XXIXlr</strong></span> <span class='ocrx_word' id='word_1_306' title='bbox 483 3501 576 3540; x_wconf 79' lang='lat' dir='ltr'><strong>sermo</strong></span> <span class='ocrx_word' id='word_1_307' title='bbox 583 3490 603 3536; x_wconf 68' lang='lat' dir='ltr'>P</span> <span class='ocrx_word' id='word_1_308' title='bbox 611 3483 668 3556; x_wconf 62' lang='lat' dir='ltr'><strong>bib</strong></span> <span class='ocrx_word' id='word_1_309' title='bbox 679 3484 828 3538; x_wconf 79' lang='lat' dir='ltr'><strong>initiamus</strong></span> <span class='ocrx_word' id='word_1_310' title='bbox 838 3486 949 3550; x_wconf 69' lang='lat' dir='ltr'><strong>scripsi:</strong></span> <span class='ocrx_word' id='word_1_311' title='bbox 960 3485 1105 3537; x_wconf 78' lang='lat' dir='ltr'><strong>imitemur</strong></span> 
     </span>
     <span class='ocr_line' id='line_1_39' title="bbox 66 3555 1125 3638; baseline -0.011 -27"><span class='ocrx_word' id='word_1_312' title='bbox 66 3563 125 3631; x_wconf 71' lang='lat' dir='ltr'><strong>Pff</strong></span> <span class='ocrx_word' id='word_1_313' title='bbox 145 3567 181 3620; x_wconf 81' lang='lat'><strong>18</strong></span> <span class='ocrx_word' id='word_1_314' title='bbox 199 3561 325 3621; x_wconf 69' lang='lat' dir='ltr'><strong>maximi</strong></span> <span class='ocrx_word' id='word_1_315' title='bbox 344 3563 384 3623; x_wconf 82' lang='lat' dir='ltr'><strong>ed.</strong></span> <span class='ocrx_word' id='word_1_316' title='bbox 404 3579 451 3638; x_wconf 75' lang='lat' dir='ltr'><strong>pr,</strong></span> <span class='ocrx_word' id='word_1_317' title='bbox 473 3563 485 3635; x_wconf 72' lang='lat' dir='ltr'><strong>u</strong></span> <span class='ocrx_word' id='word_1_318' title='bbox 509 3565 542 3616; x_wconf 71' lang='grc'><strong>21</strong></span> <span class='ocrx_word' id='word_1_319' title='bbox 563 3557 715 3613; x_wconf 82' lang='lat' dir='ltr'><strong>moueatur</strong></span> <span class='ocrx_word' id='word_1_320' title='bbox 735 3555 770 3607; x_wconf 84' lang='lat' dir='ltr'><strong>dc</strong></span> <span class='ocrx_word' id='word_1_321' title='bbox 789 3555 1125 3617; x_wconf 55' lang='lat' dir='ltr'><strong>praeconsumptum.</strong></span> 
     </span>
    </p>
   </div>
   <div class='ocr_carea' id='block_1_5' title="bbox 0 0 1194 3930">
    <p class='ocr_par' dir='ltr' id='par_1_5' title="bbox 0 0 1194 3930">
     <span class='ocr_line' id='line_1_40' title="bbox 0 0 1194 3930; baseline 0 0"><span class='ocrx_word' id='word_1_322' title='bbox 0 0 1194 3930; x_wconf 95' lang='lat' dir='ltr'><strong> </strong></span> 
     </span>
    </p>
   </div>
  </div>
 </body>
</html>
