2378 3930
56 197 82 252 X
362 190 533 246 numurus
553 188 766 246 PRAEFATIO.
809 270 813 279 Ι

55 340 148 406 illam
168 339 206 403 de
220 335 354 403 Christo
372 341 406 401 et
424 336 637 421 christologia
650 334 888 420 expositionem
902 336 962 399 aut
975 334 1073 400 inter·

56 429 173 494 cidisse
205 424 276 514 (ubi
308 427 338 491 ei
370 427 460 491 locus
487 426 586 490 fuerit
612 425 648 489 in
675 429 745 489 tam
773 428 888 504 aperte
916 425 1073 489 materiae

57 518 271 601 dispositione
294 515 430 580 indicari
454 513 579 600 nequit)
604 516 661 578 aut
684 512 878 596 pertinuisse
902 513 944 577 ad
964 535 1014 598 ea,
1036 513 1072 578 de

57 607 174 690 quihus
204 606 347 670 crastino
375 605 426 668 die
449 603 626 669 secundum
648 624 674 666 c.
698 602 741 667 39
765 599 928 666 Caecilius
952 605 1006 666 est
1027 601 1072 666 in·

57 694 242 760 stituendus
270 691 345 780 (par
372 700 421 757 est
449 695 535 757 enim
563 693 597 756 id
626 691 836 756 fundamento
864 695 965 755 antea
988 691 1070 756 iucto

55 784 151 864 fieri).
188 784 290 868 igitur
313 783 368 845 alii
393 782 506 846 dicunt
530 779 585 854 (ef.
603 779 803 844 Domhartus
822 779 984 844 uersionis
1004 799 1071 864 ger-

57 873 203 936 manicae
238 895 268 956 p.
296 869 377 934 Vlll
396 872 493 954 sqq.).
529 869 708 934 Minucium
740 873 828 934 certo
860 868 1003 933 consilio
1036 869 1071 933 de

58 960 182 1026 Christi
205 981 345 1044 persona
368 958 548 1043 ceterisque
570 959 667 1023 rebus
690 957 899 1022 interioribus
921 957 1071 1041 tacuisse,

57 1049 173 1114 harum
198 1050 424 1132 quaestionum
448 1049 601 1113 tractatio
625 1069 698 1111 cum
718 1047 802 1131 apud
821 1045 963 1130 gentiles
982 1047 1071 1132 igna-

56 1160 112 1203 ros
136 1144 267 1202 noceret
289 1139 394 1221 magis
418 1159 515 1222 quam
544 1136 720 1221 prodesset.
768 1136 817 1198 ita
843 1134 900 1218 qui
927 1137 1072 1199 sentiunt

57 1226 304 1309 obliuiscuntur,
322 1229 481 1310 quantum
496 1225 676 1290 intercedat
689 1223 862 1288 discrimen
876 1223 964 1288 inter
977 1245 1071 1308 quse·

58 1317 179 1380 stiones
198 1320 235 1378 ut
248 1316 296 1378 ita
310 1315 416 1378 dicam
430 1315 631 1397 theologicas
646 1314 687 1377 ab
702 1313 839 1376 ethnicis
855 1334 935 1376 sane
949 1313 1069 1377 alienas

58 1409 91 1466 et
113 1403 293 1485 simplicem
318 1424 429 1466 eorum
448 1424 531 1487 quae
550 1425 628 1468 uera
646 1403 808 1466 habentur
826 1401 1071 1467 confessionem.

57 1492 155 1554 uelim
179 1492 265 1554 enim
289 1492 381 1574 seire,
402 1491 476 1576 quis
500 1514 652 1576 umquam
676 1492 850 1576 apologeta
868 1490 916 1554 ita
933 1491 1071 1555 tacuerit

58 1584 95 1644 ut
113 1577 280 1644 Christum
302 1581 497 1645 saluatorem
521 1582 628 1645 uerbis
652 1581 775 1663 apertis
798 1578 987 1663 praedicere
1006 1600 1071 1644 cae

57 1668 279 1752 rimoniasque
298 1690 371 1732 eum
391 1670 546 1753 religione
561 1668 748 1734 Christiana
762 1666 973 1733 cohaerentes
989 1689 1070 1732 sunr-

57 1758 172 1822 matim
197 1779 448 1822 commemorare
471 1763 643 1822 uereretur.
680 1779 757 1821 nam
776 1757 862 1842 quod
880 1755 1070 1822 Lactantius

59 1846 104 1926 [V
126 1847 161 1926 4]
185 1844 320 1910 Minucii
343 1847 463 1910 librum
485 1846 627 1910 fortasse
649 1847 825 1929 respiciens
849 1845 928 1909 dicit
952 1846 993 1910 de
1013 1843 1070 1930 Cy·

58 1935 165 2017 priani
188 1935 397 1999 Demetriano
420 1935 492 2000 haic
513 1935 675 2017 oportebat,
697 1935 773 2015 quia
794 1936 933 1999 amum
949 1938 1073 2016 poterat

57 2044 165 2105 capere
191 2026 314 2107 diuina,
340 2026 433 2106 prius
459 2025 598 2089 bumana
626 2025 800 2088 testimonia
824 2023 945 2104 offerri,
975 2024 1012 2088 id
1032 2027 1072 2088 est

51 2114 306 2195 pbilosophorum
328 2120 356 2177 et
377 2114 605 2190 historicorum,
628 2119 664 2176 ul
685 2114 751 2177 sais
769 2113 969 2193 potissimam
993 2113 1071 2193 refu

58 2209 176 2266 iuretur
203 2203 390 2284 coactoribus,
423 2203 455 2266 id
482 2225 560 2267 uero
589 2223 699 2267 omnes
729 2202 920 2284 apologetae
948 2204 1071 2284 priores

58 2290 107 2355 ite
137 2292 238 2354 secuti
271 2297 347 2354 sunt
376 2296 412 2354 ut
438 2293 592 2355 nimirum
620 2313 639 2352 s
666 2289 890 2353 reconditioris
919 2291 1071 2374 cuiusque

58 2380 214 2442 materiae
234 2379 453 2459 disputatione
473 2380 684 2462 abstinerent3
704 2378 760 2442 sed
774 2378 896 2441 frustra
910 2379 999 2443 inter
1013 2379 1070 2444 hos

58 2488 191 2550 quaeres
221 2466 274 2548 qui
303 2487 341 2529 ea
369 2489 451 2550 quae
479 2470 580 2532 libere
608 2490 685 2552 prae
709 2489 743 2531 se
767 2467 850 2531 ferre
874 2471 907 2532 et
931 2467 1071 2553 ingenue

57 2555 202 2638 profiteri
236 2554 368 2618 deberet
401 2556 523 2620 silendo
556 2556 821 2620 dissimulauerit.
873 2557 929 2620 alii
963 2562 1072 2621 autem

58 2643 111 2725 (cf.
140 2642 200 2706 Th.
228 2643 373 2707 Keimius
406 2645 481 2709 libri
509 2643 607 2709 ‘Rom
635 2645 700 2708 und
729 2645 786 2708 das
816 2643 1072 2709 Christenthum'

57 2753 89 2813 p.
118 2728 198 2815 472)
232 2731 422 2815 Minucium,
458 2756 530 2799 cum
564 2734 736 2799 Octauium
768 2733 936 2815 scriberet,
969 2734 1072 2797 sacris

57 2819 245 2883 christianis
268 2844 381 2886 recens
404 2823 504 2887 fuisse
526 2822 677 2887 inbutum
701 2825 922 2904 sumpserunt,
951 2825 990 2884 ut
1013 2821 1074 2886 sei·

57 2906 133 2971 licet
159 2907 252 2971 illum
279 2911 467 2994 ignorantia
495 2934 605 2975 eorum
633 2932 716 2995 quae
740 2909 976 2974 christianismi
1000 2930 1073 2992 pro·

57 2997 129 3081 pria
153 3002 228 3060 sunt
251 2998 455 3065 laborantem
478 3022 535 3084 pro
557 3023 614 3064 suo
634 3003 731 3083 captu
750 3020 870 3062 nouam
889 2998 1073 3062 doctrinam

58 3085 238 3150 defendisse
271 3091 459 3153 statuerent
493 3089 562 3160 ,his
596 3088 825 3173 opponendum
857 3092 922 3169 est,
959 3086 1073 3170 paucis

58 3176 173 3239 saltem
193 3175 287 3238 annis
307 3179 482 3262 antequem
496 3176 652 3242 Octauius
671 3177 810 3241 Romam
829 3176 957 3239 ueniret
976 3175 1016 3259 (c.
1036 3171 1072 3261 2)

57 3262 235 3329 Minucium
263 3264 331 3327 iam
358 3287 398 3329 ex
425 3288 568 3330 errorum
592 3266 735 3330 tenebris
758 3267 793 3328 in
815 3265 920 3328 lucem
945 3265 1072 3347 sepien-

57 3354 122 3416 tiae
146 3358 180 3418 et
203 3353 351 3416 ueritatis
375 3355 557 3435 emersisse,
580 3377 678 3438 porro
701 3354 812 3437 paucis
836 3352 953 3416 saltem
977 3351 1070 3417 annis

50 3446 132 3525 post
152 3442 406 3528 disputationem
425 3442 618 3525 Ostiensem,
642 3442 778 3507 Octauio
797 3463 912 3523 nempe
931 3446 1070 3525 mortuo,

38 3530 133 3600 hunc
164 3535 338 3628 dialogum
367 3555 440 3602 esse
469 3533 641 3618 scriptum.
687 3534 722 3590 et
749 3550 826 3589 eum
848 3528 976 3586 mamre
997 3530 1087 3603 spos
