2378 3930
60 177 139 234 XXII
364 175 534 232 EDITORIS
553 173 769 232 PRAEFATIO.

59 322 165 408 possit
192 321 301 387 uocari
329 320 486 407 ‘incerta',
513 323 586 405 ipsa
613 324 725 387 tamen
753 322 918 406 oppositio
940 322 1004 388 hoc
1027 345 1071 387 re-

60 412 154 476 futat.
196 409 371 476 secundum
395 432 492 494 qnam
514 411 562 475 ita
584 410 676 494 loqui
701 409 797 475 debet
819 407 1002 476 Caecilius.-
1020 416 1073 477 aut

62 501 154 565 adest
180 498 309 583 quidem
338 503 426 565 certa
453 499 587 579 ueritas,
615 521 713 584 quam
740 499 836 564 nobis
864 503 977 565 tamen
1008 522 1072 584 per-

60 589 184 673 spicere
212 610 279 653 non
307 588 396 667 licet,
426 591 484 653 aut
511 588 620 653 omnia
644 588 679 652 in
700 586 797 651 rebus
820 588 976 654 humanis
1001 593 1074 654 sunt

59 677 182 743 incerta
202 677 299 742 dubia
317 698 481 761 suspensa.
517 698 584 743 non
602 676 765 742 intellexit
780 677 1001 742 necessarium
1014 677 1074 742 hoe

60 787 193 831 acumen
208 766 310 831 lector
327 765 489 850 antiquus,
506 765 561 850 qui
577 765 631 830 hic
645 786 772 851 quoque
786 765 939 831 uocabuli
953 764 1073 832 ‘nobis'

60 855 283 921 conlocatione
314 854 467 939 deceptus
496 853 640 919 ‘incerta'
668 875 727 940 pro
756 875 793 918 eo
821 853 908 938 quod
935 859 988 919 est
1015 856 1073 920 Mi·

59 944 145 1008 nucii
175 940 287 1009 ‘certa'
314 944 468 1026 reposuit.
513 943 599 1008 idern
622 946 731 1007 autem
754 964 828 1008 cum
849 964 925 1007 mox
949 965 976 1008 c.
1001 944 1032 1027 6,
1056 946 1072 1008 1

58 1032 182 1116 legeret
210 1030 279 1096 ‘aut
308 1030 440 1097 fortuna
462 1033 587 1097 incerta
615 1034 672 1096 aut
700 1031 822 1097 incerta
850 1031 981 1096 natura'
1014 1031 1074 1119 (sic

59 1121 145 1185 enim
168 1120 345 1186 secundnm
367 1124 571 1186 constantem
590 1119 724 1185 Minucii
742 1142 835 1185 usum
855 1120 1072 1208 restituimus)

58 1229 162 1293 neque
181 1209 387 1295 intellegeret
399 1213 540 1274 mentem
555 1209 731 1293 scriptoris,
749 1208 918 1274 librarium
932 1213 1073 1276 fortasse

59 1298 196 1380 opinans
211 1319 246 1362 se
266 1297 426 1382 corrigere
444 1298 613 1381 rescripsit
631 1296 664 1362 id
684 1297 769 1381 quod
787 1298 884 1363 modo
904 1300 1073 1382 expulerat

58 1383 178 1450 ‘certat
216 1406 275 1469 pro
298 1407 363 1470 qna
381 1386 519 1452 lectione
539 1385 682 1452 ‘fortuna
700 1384 801 1454 certa'
819 1408 891 1451 cum
912 1385 1073 1453 Dombar-

58 1476 111 1537 tns
135 1473 297 1538 coniceret
320 1473 466 1540 ‘fortuna
489 1474 606 1558 caeca',
629 1475 749 1540 oblitus
771 1478 821 1540 est
839 1476 924 1540 male
944 1477 992 1541 sic
1010 1477 1071 1542 dici

58 1561 223 1627 fortunam
246 1563 375 1649 legibus
399 1564 548 1630 solutam.

123 1652 203 1730 o.6‚
228 1653 246 1716 1
274 1653 356 1737 deos,
383 1673 459 1736 quos
485 1674 507 1718 o
532 1652 711 1735 permutas
737 1657 810 1717 aaa
831 1652 958 1719 intutus
982 1675 1014 1720 es
1037 1656 1070 1719 o·-

56 1760 137 1806 mere
165 1761 260 1823 pacm
286 1760 374 1807 nosse
398 1742 607 1822 familiarius,
640 1743 780 1807 colmere.
825 1741 902 1825 qnid
930 1741 995 1807 hoo
1023 1748 1070 1808 est

56 1830 148 1894 noui:
173 1833 326 1914 parentes
350 1829 418 1895 siue
442 1831 583 1896 maiores
607 1834 639 1893 te
664 1829 842 1895 docuerunt
864 1829 1008 1914 primum
1030 1833 1069 1896 ti·

59 1939 157 1996 mere,
183 1918 298 1983 deinde
320 1940 417 1984 nosse
441 1919 634 1984 familiarius
657 1917 758 1983 deos?
804 1919 893 1983 cuins
918 1919 1068 1986 dictionis

56 2005 162 2072 ‘nosse
195 2006 401 2072 familiarius'
429 2007 463 2072 in
493 2009 615 2072 malam
643 2010 768 2092 partem
797 2004 1085 2092 significationem‘

56 2095 151 2160 facile
179 2095 281 2161 disces
310 2117 348 2161 ex
377 2119 402 2161 e.
425 2096 456 2181 5,
480 2096 515 2181 53
546 2101 579 2162 et
607 2096 648 2160 ad
676 2096 755 2159 illud
785 2094 872 2160 ‘ante
896 2097 1007 2178 quam’
1031 2097 1067 2163 cf.

57 2206 84 2250 o.
107 2185 159 2268 27,
184 2184 213 2248 8.
258 2185 340 2249 nihil
368 2189 475 2250 autem
502 2188 652 2271 parentes
677 2183 854 2250 docuerunt
877 2207 975 2269 qnam
1000 2187 1069 2251 deo·

56 2295 130 2337 rum
154 2275 292 2355 metum3
317 2274 458 2338 minores
479 2275 545 2339 iam
564 2274 666 2339 adulti
686 2273 813 2358 alioque
832 2277 978 2357 tempore
998 2298 1068 2359 pro·

57 2361 150 2443 gnati
169 2381 228 2424 sua
247 2365 361 2444 sponte
379 2384 475 2443 nosse
495 2364 571 2427 deos
586 2385 666 2447 quos
681 2362 800 2427 timent
814 2362 955 2445 cupiunt
986 2363 1068 2447 quod

55 2448 124 2512 fieri
148 2449 196 2513 ita
219 2453 323 2532 uetat,
351 2453 444 2533 puto,
471 2448 643 2515 Caecilius:
672 2449 799 2515 ‘melius
822 2499 883 2516 ...
907 2451 985 2516 deos
1010 2502 1068 2518 ...

56 2537 191 2601 adorare
210 2559 307 2622 quam
325 2559 422 2602 nosse
441 2538 655 2622 familiarius',
680 2539 741 2603 hoe
761 2542 821 2622 est,
844 2541 1017 2624 persistere
1037 2543 1068 2605 in

56 2625 188 2691 deorum
219 2630 306 2692 metu
334 2649 353 2691 a
380 2627 571 2710 parentibus
600 2629 727 2713 ingesto
756 2649 852 2710 quam
880 2627 916 2691 in'
942 2650 998 2694 eos
1022 2631 1067 2694 in·

56 2715 191 2797 quirere.
238 2715 324 2800 quod
352 2738 448 2800 quam
477 2738 550 2781 uere
580 2739 599 2780 a
628 2738 679 2780 me
704 2715 908 2799 disputatum
938 2721 970 2781 et
1001 2740 1067 2783 cor·

55 2806 179 2867 rectum
199 2805 250 2884 sit,
270 2805 415 2869 ostendit
434 2804 561 2870 Octauii
580 2805 620 2869 ad
640 2806 720 2869 haec
737 2805 905 2887 responsio
926 2827 952 2870 c.
971 2806 1026 2890 24,
1040 2809 1068 2872 2.

122 2890 199 2954 ibid.
224 2891 334 2957 Gallos
351 2894 555 2978 Mercurium,
577 2895 757 2959 actuosam
777 2893 943 2959 Romanos,
979 2917 1068 2979 aper·

56 2983 126 3043 tum
151 2980 236 3063 quod
255 2980 389 3046 Minucii
413 2983 513 3047 uerba
536 2987 767 3048 contraxerunt
790 2982 942 3047 damnum
966 3005 1067 3048 resar-

56 3069 121 3133 cire
151 3067 282 3132 student
306 3070 476 3136 inserendo
501 3070 656 3136 ‘numina’
681 3077 756 3136 ente
780 3069 956 3136 ‘uniuersa'
981 3073 1068 3137 simi-

56 3157 205 3241 libusque
228 3158 388 3240 remediis,
412 3181 484 3223 eum
507 3165 617 3224 tamen
640 3162 747 3244 ipsum
772 3159 982 3224 ‘uniuersam'
1004 3183 1068 3226 sus·

55 3250 184 3330 pectum
212 3245 271 3310 fiat
299 3247 510 3313 consideratis
539 3251 653 3315 ceteris
681 3249 776 3313 huius
806 3249 920 3331 capitis
951 3251 1067 3315 uerbis.

56 3336 140 3399 male
160 3336 245 3399 enim
264 3335 304 3399 ad
323 3337 520 3400 sententiam
539 3338 604 3402 iam
623 3338 878 3422 praecedentem,
901 3337 1066 3405 Romanos

57 3424 162 3492 colere
191 3425 414 3489 uniuersorum
438 3426 630 3509 populorum
655 3427 746 3508 deos,
775 3430 902 3507 spectat
925 3427 958 3490 id
982 3427 1066 3511 quod

39 3514 209 3583 subicitur
245 3513 323 3606 ‘sic',
362 3514 480 3583 melius
515 3537 591 3582 oum
618 3513 688 3578 ‘sie'
728 3518 763 3576 et
786 3512 885 3572 *duni
921 3515 1012 3573 insen
1040 3537 1077 3573 se
