2378 3930
339 192 521 252 oflonosu
540 195 553 249 1
572 200 677 251 ra-re
696 197 822 264 (rs-84)
1046 193 1086 259 19

67 357 217 442 ignibus,
244 355 340 425 Sidae
367 361 465 442 portu
494 362 528 424 et
550 355 648 422 Tauri
675 358 902 441 promunturio
929 357 1086 442 grandem

67 446 177 511 sinum
201 445 332 513 claudit
377 444 504 512 Taurus
532 445 603 529 ipse
631 443 672 511 ab
695 445 774 511 llois
797 445 950 513 litoribus
979 468 1086 512 exsur-
1105 460 1139 512 81

68 552 150 619 gens
188 537 280 601 vaste
316 534 396 601 satis
433 534 610 617 attollitur,
647 533 722 598 dein
757 534 871 601 dextro
906 534 1010 603 latere
1047 535 1088 600 ad

70 624 337 707 septentrionem,
360 623 495 689 sinistro
517 621 561 689 ad
583 621 754 687 meridiem
772 644 883 687 versus
906 623 985 688 itin
1006 624 1087 690 occi-

43 729 56 770 s
70 709 202 777 dentem
215 715 323 777 rectus
336 715 372 777 et
387 715 546 796 perpetuo
560 711 648 794 iugo,
667 729 924 796 magnarumque
940 713 1088 798 gentium

70 821 136 885 qua
158 799 291 866 dorsum
314 801 386 884 agit
408 801 577 884 terminus,
600 798 658 864 ubi
679 803 786 864 terras
809 799 940 865 diremit
964 801 1031 865 exit
1053 801 1088 866 in

68 888 216 972 pelagus
261 887 349 953 idem
372 891 483 954 autem
506 891 540 953 et
562 891 662 972 totus,
684 890 721 953 ut
744 887 849 953 dictus
873 890 937 972 est,
960 887 1088 974 dicitur,

70 977 170 1041 etiam
195 997 259 1061 qua
277 979 405 1060 spectat
423 977 590 1060 orientem,
614 975 729 1041 deinde
747 975 932 1042 Haemodes
952 981 986 1042 et
1004 974 1088 1042 Gau-

70 1084 164 1130 casus
198 1067 231 1129 et
257 1064 472 1149 Propanisus,
503 1069 572 1131 tum
601 1061 739 1148 Caspiae
770 1065 869 1149 pylas
875 1115 885 1148 ,
916 1063 1087 1150 Niphates,

30 1153 244 1219 roArmeniae
271 1153 384 1238 pylas,
416 1157 450 1219 et
475 1153 533 1218 ubi
558 1153 625 1218 iam
651 1158 764 1218 nostra
791 1153 896 1218 maria
925 1153 1087 1238 contingit

67 1240 193 1307 Taurus
221 1241 349 1316 iterum.
393 1245 471 1325 post
498 1241 566 1307 eius
597 1242 858 1324 promunturium
888 1242 1009 1308 flumen
1037 1247 1088 1308 est
1105 1256 1139 1306 82

65 1329 204 1414 Limyra
226 1333 260 1395 et
282 1329 396 1394 eodem
418 1329 551 1395 nomine
574 1328 704 1414 civitas,
727 1332 824 1413 atque
847 1333 884 1394 ut
902 1331 1007 1395 multa
1029 1353 1086 1414 op-

65 1418 145 1500 pida
162 1418 210 1483 sic
226 1421 356 1501 praeter
374 1417 527 1496 Pataram
545 1438 612 1482 uon
630 1417 789 1484 inlustria.
830 1418 924 1484 illam
941 1418 1086 1484 nobilem

66 1505 148 1570 facit
160 1505 331 1571 delubrum
345 1506 509 1590 Apollinis
525 1504 689 1591 quondam
703 1506 819 1590 opibus
835 1510 867 1571 et
882 1507 1005 1573 oraculi
1022 1506 1085 1572 fide

27 1611 53 1652 1⁵
66 1591 228 1678 Delphico
240 1594 355 1660 simile.
377 1595 464 1660 ultra
473 1598 523 1660 est
531 1593 682 1659 Xanthus
691 1594 812 1660 flumen
826 1599 860 1659 et
868 1595 1018 1662 Xanthos
1029 1617 1085 1680 op-

66 1681 192 1766 pidum,
205 1704 298 1748 mons
309 1681 433 1768 Cragus
448 1687 481 1748 et
495 1705 576 1766 quae
589 1682 723 1766 Lyciam
733 1683 807 1748 finit
820 1683 898 1748 urbs
908 1684 1084 1750 Telmesos.

158 1768 256 1836 Caria
283 1772 441 1856 sequitur·
483 1770 635 1836 habitant
662 1771 805 1837 incertae
834 1772 979 1858 originis.
1026 1773 1083 1838 alii
1096 1749 1137 1877 13}

66 1857 249 1944 indigenas,
268 1862 343 1923 sunt
356 1859 416 1944 qui.
425 1857 592 1944 Pelasgos,
611 1859 741 1944 quidam
757 1857 870 1926 Cretas
885 1862 1084 1928 existimant.

67 1967 172 2032 genus
194 1968 296 2032 usque
319 1968 358 2012 eo
381 1947 543 2032 quondam
567 1969 731 2012 armorum
754 1969 946 2033 pugnaeque
971 1972 1083 2016 amans

24 2053 52 2093 ²⁰
64 2039 104 2100 ut
123 2035 229 2100 aliena
249 2036 348 2100 etiam
368 2035 456 2100 bella
473 2035 675 2100 mercedibus
696 2041 839 2120 agerent.
875 2036 929 2101 bie
948 2038 1084 2103 castella

63 2127 143 2189 sunt
161 2123 299 2208 aliquot,
322 2123 396 2189 dein
418 2123 645 2207 promunturia
669 2123 730 2187 duo
755 2122 913 2188 Pedalion
936 2128 969 2189 et
990 2123 1083 2210 Crya,

62 2217 96 2278 et
120 2211 295 2277 secundum
319 2209 449 2277 Calbim
473 2233 601 2277 amnem
625 2209 755 2277 Caunus
780 2211 933 2297 oppidum
959 2215 1080 2280 valetu-
1166 2239 1169 2248 ⁴

62 2300 137 2366 dine
160 2299 382 2367 habitantium
406 2300 536 2366 infame.
580 2299 656 2365 inde
680 2299 720 2364 ad
743 2299 980 2368 Halicarnason
1001 2303 1082 2370 haee
1101 2318 1135 2368 84

61 2389 185 2455 iaoent:
207 2387 411 2454 Rhodiorum
431 2389 555 2473 aliquot
573 2389 729 2474 coloniae,
751 2393 866 2473 portus
886 2391 958 2477 duo,
982 2389 1081 2458 Gelos

22 2495 49 2536 2⁵
63 2481 97 2543 et
116 2477 168 2543 cui
182 2498 221 2542 ex
238 2477 318 2544 urbe
337 2500 435 2562 quam
455 2478 663 2561 amplectitur
677 2477 888 2562 Thyssanusa
902 2501 1082 2566 cognomen

62 2570 127 2651 est,
152 2566 315 2631 intereos
339 2566 493 2650 oppidum
515 2565 680 2631 Larumna
706 2571 738 2631 et
756 2566 905 2633 Pandion
929 2569 1022 2634 collis
1045 2569 1081 2633 iu

61 2675 153 2719 mare
180 2654 331 2739 emissus,
358 2658 428 2720 tum
458 2658 525 2720 tres
554 2676 593 2720 ex
621 2654 734 2719 ordine
763 2654 866 2740 sinus,
900 2655 1079 2741 Thymnias

62 2740 229 2808 Schoenus
252 2742 428 2827 Bubasius3
457 2741 639 2826 Thymniae
666 2743 928 2826 promunturium
951 2744 1078 2829 Aphro·

62 2831 182 2897 disium
207 2835 265 2916 est,
289 2829 451 2897 Schoenus
476 2831 580 2896 ambit
598 2829 729 2915 Hylam,
753 2830 915 2897 Bubasius
936 2830 1078 2917 Cyrnon.

133 3047 158 3096 2.
174 3039 283 3096 eoisA¹
293 3057 361 3096 corr.
406 3045 431 3096 2.
441 3047 466 3096 3.
482 3057 631 3110 exsurgens
641 3040 682 3094 A¹
697 3056 832 3110 exurgens
846 3041 888 3096 A²
931 3048 954 3096 6.
971 3041 1078 3097 dirimit

59 3112 87 3166 A
103 3109 219 3166 diremit
236 3129 256 3167 x
315 3117 340 3166 8.
352 3111 554 3184 [sorientemA
620 3117 661 3166 12.
676 3111 785 3181 lymyra
802 3113 830 3166 A
890 3118 931 3167 13.
947 3111 1077 3167 inlustria

59 3181 102 3237 A¹
126 3181 249 3237 illustria
266 3181 309 3236 A²
359 3189 422 3238 ·14.
447 3181 567 3237 oraculis
585 3184 612 3237 A
689 3190 731 3238 16.
751 3181 862 3253 gracias
885 3183 912 3237 A
933 3181 1077 3253 Oragnsc

115 3251 269 3327 <urb>sA
325 3260 366 3309 19.
386 3254 416 3310 et
433 3253 474 3308 A¹
494 3270 526 3308 eo
540 3252 582 3309 A’
636 3259 678 3307 21.
699 3251 881 3322 cytriaAOr
901 3254 1077 3310 sacraene

133 3331 175 3382 22.
195 3323 311 3395 galbian
329 3326 356 3379 A
376 3323 485 3380 Calbim
498 3325 643 3380 Barbarus
715 3331 757 3380 24.
777 3273 899 3394 aliquod
908 3325 949 3379 A¹
968 3325 1077 3394 aliquot

59 3396 102 3451 A*
180 3401 222 3453 28,
244 3394 394 3451 bubaesius
418 3399 443 3452 A
469 3395 604 3453 Bubasius
631 3397 730 3466 scepei
810 3402 853 3452 29.
876 3395 1025 3450 bubaesius
1048 3398 1075 3449 A

132 3483 237 3536 orynou
255 3469 283 3522 A
303 3466 413 3536 Gymou
431 3467 557 3522 Bursian

878 3558 915 3608 ᾖ*
