2378 3930
65 215 142 272 XXX
368 212 541 271 Enrroals
559 210 774 269 PRAEFATIO.

65 361 189 426 maniae
217 359 292 426 ‘das
321 358 521 442 Alterthum,
554 358 691 424 welches
723 359 757 423 in
791 358 903 423 seinen
930 358 1076 424 Dichter-

68 449 307 535 erzaehlungen
325 447 394 513 sich
413 448 507 534 gefiel
527 447 613 529 oder,
636 448 748 512 besser
767 451 891 532 gesagt‚
916 448 1076 533 befangen

63 537 157 623 war'3
185 538 314 621 saepius
338 537 385 602 sie
408 535 483 601 ‘uel'
506 558 566 620 pro
590 535 653 600 ‘uel
680 535 800 620 potius'
824 534 981 623 ponitur).
1023 537 1076 602 sed

64 648 147 712 quae
175 630 226 691 est
251 626 348 691 huius
376 624 497 710 dialogi
524 625 689 708 corruptio
712 625 867 710 inmanis,
895 646 956 690 nee
979 626 1077 691 uerba

66 717 235 800 sequentia
257 716 386 799 integra
414 717 490 779 sunt
514 735 533 777 a
555 713 638 777 labe.
678 735 755 778 nam
777 714 874 778 fidem
898 715 956 798 qui
980 714 1079 778 habet

64 804 185 869 fabulis
203 803 270 868 illis
286 803 431 886 poeticis,
449 802 478 867 is
494 822 557 885 quo
572 802 641 866 iure
656 823 760 886 quoue
777 803 924 886 exemplo
940 801 1076 868 ‘mutuo’

65 914 137 958 eum
161 893 207 957 eis
230 891 412 958 consentire
436 889 547 956 audit?
570 894 658 955 reete
681 912 728 955 ex.
748 912 795 976 gr.
814 912 840 956 e
857 891 911 975 24,
930 893 952 956 5
975 892 1077 974 eptam

63 982 236 1046 errantium
259 981 381 1046 turbam
399 984 509 1044 matera
526 979 586 1044 sati
602 980 783 1062 patrocinio
799 984 971 1062 praesare.
1005 1002 1075 1045 oum

65 1075 174 1135 autem
197 1073 272 1154 post
294 1069 374 1134 illud
393 1067 499 1132 ‘unius
518 1066 582 1132 dei'
601 1089 640 1132 ex
659 1089 693 1132 re
717 1069 762 1132 sit
783 1068 854 1133 fieri
876 1069 1074 1134 mentionem

63 1159 273 1242 polytheismi
301 1161 334 1222 et
361 1178 487 1221 errores
519 1156 588 1221 siue
616 1156 719 1221 falsae
747 1156 785 1221 de
814 1157 876 1222 diis
905 1158 1075 1241 opiniones

63 1250 176 1330 utpote
204 1269 242 1310 ex
269 1250 441 1330 poetarum
473 1245 649 1310 mendaciis
682 1245 878 1329 profluentes
912 1254 991 1332 apte
1024 1247 1075 1311 ad·

64 1336 241 1418 iungantur
264 1332 318 1420 (of.
339 1334 436 1417 aaa,
457 1335 474 1399 1
499 1333 557 1399 tas
578 1333 706 1414 fabulas
728 1339 757 1399 et
777 1354 907 1418 errores,
936 1335 994 1399 ubi
1018 1334 1075 1399 ‘er-

63 1422 164 1513 rores'
190 1424 250 1504 §8
278 1445 337 1509 per
359 1421 555 1506 ‘opiniones’
579 1421 808 1509 explicantur),
835 1425 997 1507 temptaui
1025 1423 1074 1489 ‘ad

64 1532 208 1576 errorum
237 1511 276 1576 de
309 1511 421 1576 multis
449 1511 510 1575 diis
542 1532 656 1593 rapere
685 1511 898 1589 eonsensum',
926 1512 1075 1578 lubenter

63 1600 184 1666 leniore
207 1599 334 1665 medela
357 1600 492 1664 meliora
513 1599 698 1664 restituenti
722 1622 853 1666 manum
877 1601 1023 1666 daturus.

130 1710 156 1754 e.
176 1689 229 1774 20,
245 1690 268 1754 4
291 1691 365 1768 quid
385 1689 460 1754 illae
477 1689 576 1753 areales
596 1688 730 1769 fabulas,
753 1691 790 1754 de
809 1689 987 1756 uernans
1003 1709 1075 1754 orrea

62 1783 91 1842 et
112 1777 212 1858 feras,
234 1777 372 1844 homines
393 1782 422 1842 et
442 1779 479 1842 de
500 1777 682 1862 homiuibus,
704 1777 828 1844 arbores
850 1783 941 1860 atque
963 1777 1074 1860 flores?

64 1889 197 1951 operam
214 1868 383 1953 oleumque
401 1866 610 1951 perdiderunt
625 1866 679 1951 qui
699 1866 916 1932 emaculandis
936 1868 1073 1952 singulis

63 1956 172 2020 uerbis
200 1956 401 2021 studuerunt
442 1955 542 2019 ueluti
575 1955 603 2019 si
635 1955 781 2019 seribunt
809 1955 859 2020 ‘de
887 1955 1072 2021 hominibus

63 2066 139 2109 aues
160 2045 296 2110 etseras
316 2067 427 2110 ornnes
448 2042 676 2128 [‘omnigenas'
697 2044 808 2109 eodem
830 2045 953 2110 seilicet
978 2067 1072 2109 sensu

64 2133 121 2197 alii
149 2134 319 2214 inutiliter]
344 2133 438 2198 etde
462 2132 646 2197 hominibus
675 2133 807 2198 arbores
837 2138 934 2217 atque
958 2132 1074 2215 flores',

63 2245 128 2286 non
161 2223 264 2286 solum
297 2223 461 2285 notionem
493 2220 709 2286 neeessariam
743 2222 849 2306 qualis
879 2227 929 2285 est
958 2221 1073 2287 ‘faetus

63 2310 144 2374 esse'
174 2308 285 2394 (quam
314 2311 370 2374 alii
398 2315 430 2374 et
456 2311 562 2393 ipsam
591 2332 630 2373 ex
658 2311 844 2375 coniectura
875 2310 1071 2396 intulerunt)

63 2399 209 2480 omisere,
233 2398 288 2462 sed
313 2399 410 2461 etiam
433 2399 591 2481 reliquere
615 2397 709 2483 plane
734 2401 875 2464 otiosum
898 2399 949 2464 ‘de
973 2400 1073 2464 homi·

61 2485 183 2569 nibus'3
216 2507 292 2549 nam
320 2489 377 2551 aut
405 2507 442 2550 ex
471 2509 531 2550 usu
565 2487 713 2551 sollemni
742 2486 829 2552 ‘aues
860 2491 891 2551 et
919 2488 1007 2552 feras
1035 2488 1071 2552 de

61 2574 247 2639 hominibus
271 2573 363 2638 etde
386 2574 572 2639 hominibus
602 2576 734 2640 arbores
762 2581 859 2660 atque
884 2575 994 2642 flores’
1020 2580 1074 2641 aut

62 2663 225 2728 communi
253 2664 386 2728 notione
409 2664 443 2727 in
464 2664 559 2729 initio
582 2664 690 2748 posita
715 2663 765 2728 ‘de
789 2665 977 2729 hominibus
998 2687 1072 2729 aues

61 2755 94 2815 et
116 2752 213 2836 feras,
236 2753 367 2818 arbores
391 2757 488 2837 atque
511 2752 606 2817 flores
630 2752 750 2838 (factos
774 2752 871 2838 esse)'
894 2753 1072 2818 Minucium

62 2840 258 2923 scripturum
285 2841 400 2923 fuisse,
431 2842 537 2907 sciunt
565 2843 620 2927 qui
649 2862 722 2905 eum
750 2847 978 2926 pernouerunt.
1021 2843 1072 2907 ad-

62 2928 254 3012 stipulamur
277 2929 378 3014 igitur
397 2931 491 2995 docto
512 2953 687 3014 anonymo,
710 2931 764 3014 qui
788 2933 890 2995 uerba
913 2931 1072 2996 ‘homines

61 3021 94 3080 et
121 3017 160 3081 de
188 3017 387 3082 hominibus'
416 3023 452 3083 ut
483 3019 627 3084 insiticia
659 3019 792 3083 deleuit:
830 3023 907 3083 sunt
941 3021 1073 3084 lectoris

61 3107 148 3170 illius
177 3106 316 3190 antiqui,
348 3108 438 3171 euius
467 3129 563 3191 saepe
590 3107 624 3171 in
651 3107 713 3172 hoc
741 3107 870 3192 dialogo
900 3113 1072 3172 occurrunt

62 3195 286 3260 adnotationes
319 3198 515 3282 marginales
548 3196 632 3260 male
660 3197 694 3259 in
721 3200 847 3260 textum
879 3202 995 3279 postea
1026 3219 1071 3262 re·

61 3289 185 3369 ceptae,
218 3283 311 3348 docta
343 3285 500 3368 epiorisis,
532 3285 767 3349 reminiscentis
801 3285 924 3349 seilicet
952 3307 999 3350 ex.
1024 3307 1068 3370 gr.

62 3372 204 3438 Tiresiae
227 3373 371 3437 fabulam
400 3377 495 3456 atque
519 3375 557 3438 de
584 3396 676 3438 sexus
705 3375 885 3439 mutatione
908 3373 1068 3438 interdum

54 3459 144 3528 faeta
167 3462 342 3530 monentis.
383 3461 496 3528 eodem
519 3467 629 3527 autem
650 3463 759 3543 modo,
784 3483 846 3543 quo
870 3463 905 3524 in
928 3464 1026 3539 e.18‚
1050 3463 1069 3525 8

43 3553 158 3622 uerbis
179 3578 240 3626 nec
261 3553 492 3648 comprehendi,
514 3556 602 3618 tuctu
622 3550 732 3633 praetor
753 3552 797 3608 est
811 3547 884 3605 tria
895 3547 1020 3603 mxuma
1030 3565 1086 3602 uo-
