2378 3930
323 235 504 293 cnoaocu.
524 237 537 290 1
556 242 581 290 a.
601 242 663 297 aa
681 238 810 305 (rr-20)
1053 233 1075 298 a

53 401 187 466 nomine
209 399 347 465 Pontici.
393 398 434 462 ad
456 399 564 465 lacum
586 397 749 482 Maeotici,
772 396 813 462 ad
836 396 974 462 Tanaim
998 394 1077 462 Sau-

53 492 280 660 iomaHariiopa
315 576 473 641 terminos
509 576 610 641 habet
646 577 687 642 ab
724 576 849 640 oriente
882 575 1008 640 Tanain
1041 576 1076 638 et
1095 551 1128 677 ᾗ

54 665 224 733 Maeotida
247 669 280 730 et
302 664 458 750 Pontum,
485 687 505 730 a
525 663 659 731 meridie
681 664 807 748 reliqua
829 662 945 729 Nostri
967 663 1076 746 maris,

27 756 100 821 rab
124 754 290 821 occidente
314 753 533 836 Atlanticum,
559 774 580 817 a
608 753 828 837 septentrione
851 752 1076 817 Britannicum

55 864 222 910 oceanum.
269 864 327 908 ora
349 844 419 907 eius
441 842 548 907 forma
570 841 703 907 litorum
726 863 747 906 a
764 840 867 906 Tanai
891 840 932 906 ad
951 838 1078 905 Helles·

55 937 202 1018 pontum,
226 953 291 1016 qua
312 932 384 1014 ripa
407 934 458 996 est
480 931 559 997 dicti
582 931 698 1016 amnis,
721 952 785 1015 qua
806 929 924 996 flexum
947 928 1077 1012 paludis

56 1021 99 1086 ad
125 1021 299 1086 Ponticum
328 1018 462 1105 redigit,
487 1041 552 1104 qua
577 1018 771 1104 Propontidi
800 1023 833 1084 et
859 1016 1076 1101 Hellesponto

56 1110 160 1175 latere
184 1109 320 1192 adiacet,
343 1108 514 1174 contrariis
537 1108 690 1173 litoribus
713 1107 814 1172 Asiae
836 1129 901 1172 non
924 1106 1077 1190 opposita

17 1216 43 1257 ιο
56 1198 155 1265 modo
174 1220 286 1270 verum
304 1201 338 1263 et
356 1197 473 1262 similis
493 1200 552 1262 est.
588 1196 661 1261 inde
681 1196 721 1261 ad
739 1195 861 1262 fretum
878 1216 965 1260 nunc
983 1199 1076 1259 vaste
1097 1210 1130 1259 16

55 1290 201 1353 retracta
231 1308 316 1352 nunc
344 1284 529 1370 prominens
562 1290 628 1350 tres
659 1285 818 1350 maximos
849 1284 938 1350 sinus
968 1283 1078 1367 efficit,

55 1376 258 1460 totidemque
278 1376 365 1440 sein
384 1375 488 1439 altum
506 1375 636 1459 maguis
654 1373 818 1439 frontibus
838 1372 954 1437 evehit.
986 1375 1078 1436 extra

56 1465 179 1530 fretum
202 1464 242 1529 ad
270 1462 470 1529 occidentem
497 1463 680 1547 inaequalis
705 1462 877 1527 admodum
904 1461 1077 1546 praecipue

57 1553 166 1620 media
201 1552 377 1637 procurrit3
413 1552 455 1618 ad
487 1551 755 1636 septentrionem,
790 1552 855 1616 nisi
886 1549 944 1616 ubi
976 1549 1078 1615 semel

19 1644 242 1727 crurumque
266 1641 382 1726 granffi
404 1662 533 1706 recessu
558 1640 741 1719 abducitur,
769 1661 872 1723 paene
895 1642 932 1704 ut
954 1638 1078 1702 directo

57 1731 165 1796 limite
198 1734 331 1796 extenta
362 1733 421 1795 est
471 1751 561 1794 mare
593 1728 680 1815 quod
712 1729 818 1812 primo
853 1728 925 1793 sinu
959 1726 1078 1809 accipit
1099 1742 1130 1792 1⁷

57 1819 228 1904 Aegaeum
246 1819 379 1902 dieitur3
403 1817 489 1903 quod
507 1819 655 1902 sequenti
677 1818 709 1883 iu
735 1838 790 1883 ore
807 1816 946 1899 lonium,
962 1813 1079 1880 Hadri-

58 1909 181 1973 aticum
209 1909 359 1992 interius3
387 1906 474 1991 quod
500 1907 616 1971 ultimo
643 1928 704 1971 nos
728 1907 868 1972 Tuscum
892 1904 970 1970 Grai
997 1903 1078 1987 Tyr-

58 1996 229 2062 rhenicum
247 1996 430 2080 perhibent.
476 1995 626 2079 gentium
644 1996 751 2079 prima
774 2000 824 2060 est
842 1992 986 2078 Scythia,
1012 1993 1078 2056 alia
1099 1989 1131 2038 18

19 2101 45 2142 ὀ
59 2107 158 2169 quam
178 2084 265 2151 dicta
284 2090 334 2151 est
352 2085 392 2149 ad
411 2084 547 2163 Tanain,
566 2082 674 2147 media
691 2084 793 2148 ferme
810 2081 939 2147 Pontici
957 2081 1080 2164 lateris,

58 2174 137 2239 hino
151 2174 186 2239 in
194 2173 318 2259 Aegaei
331 2178 457 2258 partem
466 2172 633 2257 pertinens
643 2171 791 2255 Thracia,
804 2170 881 2236 huic
889 2169 1082 2236 Macedonia

60 2262 260 2348 adiungitur.
309 2266 381 2326 tum
408 2260 547 2327 Graecia
574 2262 751 2344 prominet,
778 2260 1009 2346 Aegaeumque
1038 2259 1079 2323 ab

59 2351 155 2417 Ionio
183 2352 265 2416 mari
292 2350 426 2415 dirimit.
470 2349 655 2415 Hadriatici
681 2350 770 2414 latus
798 2349 907 2433 Illyris
934 2351 1081 2430 occupat.

59 2440 148 2504 inter
175 2440 282 2524 ipsum
304 2438 532 2503 Hadriaticum
560 2443 593 2502 et
620 2438 760 2504 Tuscum
783 2437 883 2503 ltalia
909 2436 1079 2521 procurrit

19 2543 46 2586 ¹⁵
60 2529 97 2592 in
120 2527 226 2593 Tusco
249 2528 366 2594 intimo
390 2526 500 2592 Gallia
528 2529 590 2611 est,
617 2528 706 2593 ultra
726 2527 896 2611 Hispania.
941 2525 1021 2591 haec
1044 2525 1079 2588 in
1100 2521 1132 2571 19

60 2615 263 2682 occidentem
295 2616 413 2701 diuque
445 2616 543 2682 etiam
581 2616 623 2680 ad
655 2615 910 2699 septentrionem
943 2613 1079 2679 diversis

59 2704 226 2771 frontibus
250 2706 364 2790 vergit.
410 2704 525 2769 deinde
548 2727 659 2770 rursus
680 2703 788 2769 Gallia
811 2706 862 2770 est
884 2704 982 2788 longe
1004 2705 1038 2766 et
1061 2724 1081 2766 a
1142 2762 1144 2766 ,

60 2791 178 2859 Nostri
209 2794 308 2860 maris
340 2793 492 2866 litoribus
519 2794 583 2858 huc
611 2816 712 2878 usque
744 2793 914 2877 permissa.
965 2791 1007 2856 ab
1042 2813 1080 2856 ea

61 2881 218 2947 Germani
242 2882 282 2948 ad
306 2880 473 2948 Sarmatas
496 2883 723 2967 porriguntur,
746 2882 796 2947 illi
819 2883 860 2947 ad
882 2880 1004 2945 Asiam

21 2987 48 3029 ao
153 2970 265 3037 Africa
293 2970 334 3036 ab
363 2971 497 3037 orientis
524 2975 618 3054 parte
641 2970 720 3036 Nilo
743 2973 934 3052 terminata,
961 2971 1079 3054 pelago
1098 2946 1134 3074 ἑο

136 3153 161 3201 1.
180 3144 296 3200 meotici
314 3145 343 3200 A
361 3147 465 3202 litterae
482 3162 528 3200 me
547 3147 611 3202 odd.
631 3144 672 3199 A³
689 3146 721 3200 ia
738 3146 829 3214 spatio
851 3160 938 3200 causo
1010 3151 1034 3199 3.
1055 3151 1079 3200 4.

61 3215 191 3290 <europa
209 3247 250 3299 ''.
262 3215 471 3298 maeo>tidaA
529 3221 554 3273 a.
574 3214 758 3296 brittanicum
776 3215 817 3269 A¹
835 3213 1027 3298 britannicum
1040 3215 1082 3269 A¹

62 3289 253 3428 wgeqmtaqar
270 3287 576 3427 ⁴412.iiuaiilcfflumydiiiiiir8
584 3358 613 3413 A
627 3292 754 3412 Tqusduuiri
762 3286 800 3414 ,A
818 3287 1081 3412 quai.⁵iliddoiae1dc

61 3445 246 3503 macedoniae
261 3448 288 3502 A
308 3446 435 3514 Th1aoia,
448 3446 516 3500 huic
529 3445 695 3501 Macedonia
709 3430 861 3501 Piericam
914 3451 957 3500 25.
971 3427 1080 3515 iutpimo

61 3518 106 3572 A¹
124 3534 193 3574 corr.
266 3524 309 3574 28.
328 3517 433 3573 nostris
451 3518 479 3572 A
496 3516 596 3572 Nostri
613 3518 700 3572 maris
719 3517 832 3591 Gratias
854 3517 1032 3572 Wachematt
