2378 3930
124 226 168 289 42
471 223 650 281 rouroun
667 223 792 279 unaue
836 199 848 253 '·

124 387 286 472 Bononia,
312 387 535 452 Romanorum
558 386 719 470 coloniae,
746 386 787 470 ad
814 386 959 452 dextram
982 384 1097 471 Capua
1120 408 1141 453 a

125 475 250 560 Tuscis,
274 479 306 541 et
328 476 433 543 Roma
455 475 619 560 quondam
639 496 659 539 a
680 475 869 559 pastoribus
893 475 1031 560 condita,
1053 496 1141 542 nunc

71 583 103 632 61
125 566 153 630 si
188 587 248 649 pro
284 565 424 629 materia
455 564 584 630 dicatur
620 565 759 629 alterum
790 585 887 648 opus·
935 568 970 629 at
1005 565 1041 629 in
1073 565 1141 630 oris

122 654 272 737 proxima
289 657 340 718 est
363 675 383 718 a
400 653 555 738 Tergeste
574 650 764 718 Concordia.
808 652 968 718 interfluit
986 652 1141 719 Timavus

122 763 239 807 novem
268 742 430 826 capitibus
459 761 647 826 exsurgens,
676 762 742 806 uno
769 741 863 805 ostio·
884 741 1037 828 emissus3
1064 743 1167 808 deins

122 829 239 896 Natiso
266 852 334 896 non
360 831 458 916 longe
487 852 507 894 a
534 831 618 894 mari
645 829 752 894 ditem·
773 829 916 914 adtingit
942 829 1140 915 Aquileiam.

70 937 103 987 oa
123 920 210 984 ultra
230 923 280 984 est
293 918 456 983 Altinum·
486 920 652 1004 superiora
669 919 735 983 late
753 922 891 1002 occupat
908 919 1008 984 litora
1020 917 1140 985 Padus.

122 1028 262 1092 namque
280 1007 321 1072 ab
340 1007 415 1072 imis
434 1007 596 1073 radicibus
610 1007 864 1073 Vesuli'montis
883 1011 1014 1072 exortus
1027 1009 1139 1092 parvis

69 1159 75 1172 ,
122 1118 156 1161 se
177 1095 321 1180 primum
345 1117 362 1160 e
380 1095 527 1160 fontibus
547 1095 683 1181 colligit,
706 1099 739 1161 et
758 1095 963 1180 aliquatenus
983 1096 1076 1161 exilis
1101 1117 1139 1162 ac

121 1198 240 1267 macer,
262 1205 337 1249 mox
361 1184 611 1250 aliis-amnibus
635 1184 715 1250 adeo
739 1185 887 1268 augescit
900 1188 1005 1269 'atque
1028 1185 1137 1268 alitur,
1152 1202 1177 1243 1⁰

121 1276 158 1337 ut
177 1293 210 1337 se
229 1294 288 1356 per
306 1276 432 1356 septam
451 1273 492 1337 ad
510 1276 712 1356 postremum
731 1272 818 1338 ostia
838 1272 990 1337 effundat.
1032 1292 1139 1338 unum

69 1379 102 1428 63
122 1360 161 1425 de
181 1361 401 1444 eismagnum
419 1360 545 1426 Padum
565 1361 738 1445 adpellant.
779 1360 854 1426 indc'
872 1364 941 1426 tarn
961 1362 1046 1427 citus
1063 1383 1137 1446 pro·

122 1449 202 1531 silit,
229 1453 268 1513 ut
291 1449 444 1515 discussis
468 1450 621 1515 fluctibus
643 1449 699 1514 diu
721 1450 850 1533 qualem
878 1449 989 1515 emisit
1015 1450 1138 1515 undam

121 1542 212 1623 agat,
242 1559 399 1623 suumque
427 1539 526 1603 etiam
553 1539 590 1602 in
617 1539 701 1603 mari
729 1539 857 1603 alveum
885 1541 1005 1623 servet,
1036 1539 1138 1604 donec

121 1648 194 1690 eum
212 1647 251 1690 ex
271 1624 405 1692 adverso
424 1627 521 1692 litore
534 1626 681 1692 Histriae
699 1625 811 1691 eodem
829 1627 954 1711 impetu
971 1627 1137 1710 profluens
1151 1643 1177 1685 1⁵

120 1712 233 1780 Hister
261 1715 366 1780 amnis
394 1714 543 1799 excipiat.
565 1715 649 1780 ··hac
677 1736 713 1779 re
735 1736 793 1798 per
820 1736 860 1779 ea
882 1716 955 1780 loca
978 1715 1138 1800 navigan·

119 1802 217 1887 tibus,
241 1825 306 1887 qua
327 1803 490 1887 utrimque
513 1824 624 1869 amnes
647 1807 735 1888 eunt,
761 1803 854 1868 inter·
867 1804 1011 1870 marinas
1035 1826 1137 1888 aquas

67 1907 101 1957 64
120 1891 263 1957 dulcium
286 1891 422 1957 haustus
451 1895 510 1956 est.
556 1913 576 1956 a
597 1890 688 1957 Pado
716 1891 758 1956 ad
780 1891 951 1957 Anconam
977 1893 1138 1957 transitur

119 1980 283 2065 Ravenna,
306 1980 499 2066 Ariminum,
521 1979 702 2064 Pisaurum,
725 1979 891 2045 Fanestris
914 1980 1056 2065 colonia,
1078 1980 1138 2046 flu·

119 2091 194 2134 men
212 2068 379 2135 Metaurus
398 2073 496 2154 atque
515 2069 620 2135 Aesis.
661 2074 694 2135 et
711 2069 770 2133 illa
787 2069 822 2133 in
841 2071 982 2153 angusto
1001 2070 1135 2135 illorum
1150 2086 1176 2127 ω

120 2157 256 2222 duorum
278 2159 579 2242 promunturiomm
604 2180 642 2223 ex
665 2158 792 2224 diverso
816 2159 1002 2223 coeuntium
1025 2158 1137 2223 inflexi

119 2246 221 2310 cubiti
243 2247 386 2331 imagine
409 2246 538 2330 sedens,
568 2251 602 2310 et
623 2247 696 2311 ideo
719 2268 740 2310 a
763 2245 857 2311 Grais
881 2246 968 2314 dicta
990 2245 1137 2331 Ancona,

118 2335 207 2398 inter
225 2331 369 2400 Gallicas
387 2332 584 2419 Italicasque
609 2338 724 2418 gentes
744 2335 837 2418 quasi
855 2335 1013 2400 terminus
1037 2335 1137 2400 inter·

66 2437 99 2487 65
120 2424 180 2486 est.
229 2421 310 2486 haec
338 2422 425 2486 enim
452 2443 660 2507 praegressos
688 2421 800 2488 Piceni
832 2423 931 2489 litora
958 2423 1136 2508 excipiunt:

118 2511 153 2574 in
186 2510 302 2594 quibus
329 2509 494 2594 Numana,
521 2509 687 2595 Potentia,
719 2509 859 2596 Cluana,
887 2510 995 2595 Gupra
1027 2511 1135 2596 urbes,
1149 2526 1177 2568 ὕ

119 2599 252 2663 castella
284 2602 391 2664 autem
421 2597 578 2684 Firmum,
609 2599 747 2684 Hadria,
778 2600 1006 2684 Truentinum
1038 2601 1073 2665 id
1103 2604 1136 2665 et

118 2687 217 2753 fluvio
242 2688 298 2772 qui
315 2688 472 2772 praeterit
494 2708 613 2753 nomen
632 2692 691 2754 est.
737 2690 779 2755 ab
803 2710 841 2753 co
859 2688 1016 2753 Frentani
1039 2688 1136 2754 mari·

117 2775 199 2841 tima
225 2774 361 2859 habent,
389 2777 507 2842 Aterni
533 2778 677 2843 fluminis
704 2777 804 2860 ostia,
831 2777 928 2841 urbes
951 2776 1074 2842 Bucam
1101 2782 1136 2842 et

191 2937 215 2987 1.
234 2931 321 2986 bonia
338 2930 367 2986 A
379 2931 509 2987 Bononia
525 2949 546 2988 a
617 2939 643 2989 2.
662 2932 804 3001 quondam
821 2932 982 3004 pastoribus
1000 2934 1029 2987 A
1047 2949 1135 3003 quon-

119 3002 183 3056 dam
203 3018 220 3055 a
237 3002 429 3072 pastoribusc
502 3009 526 3058 3.
547 3001 614 3057 oriis
628 3002 656 3056 A
728 3011 753 3060 6.
772 3003 846 3059 atico
860 3004 888 3058 A
902 3003 1033 3060 Natisco
1087 3004 1135 3058 ad·

116 3073 203 3142 tingit
220 3074 261 3127 A¹
279 3073 397 3143 attingit
414 3073 455 3127 A’
511 3080 535 3129 7.
555 3073 681 3144 superita
698 3073 726 3128 A
745 3075 890 3146 superiora
906 3093 927 3130 a
980 3080 1007 3131 8.
1025 3075 1136 3130 vesuvii

116 3144 144 3198 A
162 3143 254 3197 vesuli
267 3160 288 3199 rc
350 3149 391 3199 12.
411 3143 557 3215 adpellant
574 3145 616 3198 A¹
635 3144 782 3215 appellant
800 3145 840 3202 A²
896 3153 938 3202 19.
956 3145 1089 3200 fenestris
1107 3147 1136 3200 A

115 3214 257 3268 Fanestri·
276 3231 297 3270 rc
367 3221 411 3270 25.
430 3215 553 3269 humana
570 3215 599 3269 A
616 3214 746 3271 Numana
769 3218 917 3274 Vadiouus
974 3217 1089 3286 clysma
1107 3216 1135 3272 A

117 3284 224 3339 Cluana
243 3285 386 3341 clamatus
440 3303 527 3356 cypra
544 3287 573 3341 A
592 3287 684 3357 Cupra
701 3288 849 3345 Barbarus
902 3295 946 3345 26.
964 3287 1075 3342 firmum
1093 3287 1134 3342 A¹

115 3355 237 3410 firmium
259 3356 300 3410 A'
372 3355 402 3410 id
426 3356 453 3411 ei
475 3356 503 3410 A
526 3355 556 3410 id
580 3358 610 3412 et
637 3358 750 3414 Vossius
821 3365 864 3415 27.
889 3357 995 3413 frentra
1017 3358 1088 3413 villa
1106 3359 1134 3413 A

116 3427 249 3551 {smum
262 3427 389 3484 Bursian
442 3433 485 3483 28.
505 3427 613 3482 aeterni
631 3429 659 3482 A
677 3429 806 3486 Aternio
860 3431 965 3487 bucara
981 3429 1010 3485 A
1028 3429 1135 3484 Bucam

144 3500 234 3554 indus
