2378 3930
46 216 166 273 XXXIV
350 217 523 274 EDITORIS
540 218 758 277 PRAEFATIO.

48 364 268 448 excripsimus‚
290 364 376 428 male
399 365 580 430 anteriores
603 365 652 429 ita
676 366 889 430 medebantnr
909 370 949 430 ut
970 366 1060 432 ‘nnn-

48 453 114 518 tios
132 453 184 517 dei
203 453 259 517 sed
277 453 357 536 ueri,
375 453 444 517 eius
463 453 676 518 uenerationi'
695 456 882 520 seriberent
916 477 1003 537 nam,
1025 461 1061 520 ut

48 546 155 607 cetera
183 543 386 625 emittamus,
414 541 597 628 Cyprianus
621 541 657 626 (l
680 544 701 608 l.
724 545 760 626 4,
785 547 801 608 l
824 573 865 596 ==
885 565 911 608 e.
936 545 957 608 6
980 544 1061 608 Har·

47 630 132 717 telii)
160 630 319 695 scribens:
347 630 476 697 Ostanes
502 636 533 696 et
555 631 693 712 formum
718 634 788 696 neri
808 633 858 696 det
879 639 973 714 noyut
993 655 1060 697 eon

46 720 126 802 aptet
151 739 242 801 pesse
272 725 302 784 et
330 720 454 802 amens
488 722 600 802 [ueros]
631 723 697 786 sati
722 723 789 786 eins
815 722 891 785 died
914 723 1062 786 adsistere

46 809 146 893 plane
179 808 357 891 confirmat,
383 809 523 892 pessime
550 813 626 891 post
656 808 781 873 ‘uerum
809 807 914 873 deum’
943 811 1061 874 iterum

46 896 203 961 inculcari
225 895 288 960 ‘dei
311 895 368 960 sed
391 896 481 962 ueri'.
519 897 575 962 sed
599 897 684 982 quod
709 921 748 962 ex
769 897 918 962 ductibus
936 899 1059 962 littera·

46 1008 120 1050 rum
144 985 317 1050 effecerunt
339 984 506 1050 Hartelius
530 991 563 1050 et
586 985 729 1051 Koehius
754 986 873 1051 ‘sedem
896 986 1006 1070 tueri’,
1028 987 1060 1051 id

47 1096 243 1158 quamquam
275 1074 466 1138 mutationis
498 1075 633 1139 lenitate
666 1076 844 1158 blanditur,
875 1082 989 1139 tamen
1019 1077 1059 1140 ab

48 1163 208 1227 sententia
230 1162 446 1227 reiectaneum
469 1167 533 1246 est,
562 1163 721 1247 siquidem
746 1164 832 1227 sedis
855 1164 984 1228 diuinae
1008 1165 1059 1228 de·

45 1251 227 1315 sensionem
259 1251 294 1314 in
326 1252 474 1334 angelos,
507 1253 618 1336 quales
649 1252 704 1317 hie
736 1252 962 1317 deseribuntur
994 1251 1060 1338 (dei

45 1339 247 1402 uenerationi
275 1338 469 1403 adsistentes
497 1347 531 1404 et
556 1346 636 1404 nutu
660 1342 814 1424 uultuque
836 1341 962 1405 domini
985 1363 1059 1406 oon-

46 1424 300 1512 tremescente),
320 1448 387 1491 non
402 1428 557 1511 quadrare
571 1429 779 1494 manifestum
798 1434 857 1493 est.
894 1431 1005 1513 potius
1025 1431 1057 1494 in

46 1515 221 1599 archetypo
245 1517 401 1599 seriptum
424 1517 525 1581 fnisse
543 1517 672 1581 uidetur
688 1517 832 1600 sectatori,
855 1518 942 1582 unde
961 1519 1058 1583 libra-

46 1605 131 1668 rium
154 1605 223 1669 eius
247 1605 333 1690 quod
356 1605 455 1688 paulo
479 1609 554 1670 ante
577 1606 698 1690 legitur
721 1605 846 1670 ‘uerum
866 1605 974 1670 deum'
995 1629 1057 1671 me·

46 1715 169 1759 morem
198 1695 340 1759 effecisse
368 1692 437 1758 ‘sed
462 1696 496 1757 et
518 1692 599 1758 ueri'
622 1694 718 1758 faeile
741 1695 953 1780 intellegitur.
996 1695 1058 1760 ‘dei

46 1783 121 1847 sede
139 1781 266 1866 teneri,
284 1783 346 1847 hoe
365 1786 415 1845 est
432 1782 565 1846 retineri
581 1782 650 1846 siue
664 1783 830 1867 contineri,
850 1784 1055 1866 aptissimam

45 1872 79 1933 in
103 1871 155 1935 his
179 1871 305 1955 angelis
329 1871 523 1934 sententiam
546 1871 689 1954 praebet.

112 1980 137 2025 o.
161 1961 213 2043 38,
232 1960 253 2024 3
276 1961 374 2024 ntror
396 1961 652 2040 quenadmodum
675 1961 817 2024 adeatis
839 1962 981 2024 exanimi
1003 1964 1059 2025 ant

44 2069 108 2112 non
133 2051 275 2114 sentienti
300 2049 398 2128 seren
426 2052 482 2111 unt
502 2069 567 2112 non
588 2050 729 2113 sentienti
751 2069 909 2133 mnenon,
938 2070 1009 2114 enne
1031 2054 1060 2112 et

43 2137 148 2203 tentus
166 2159 229 2202 non
247 2141 330 2219 eqeat
346 2142 376 2201 et
392 2139 485 2201 miser
505 2158 568 2201 non
578 2139 714 2220 nannet
725 2138 861 2219 (tantas.
885 2138 966 2201 haee
980 2161 1057 2201 num

44 2247 120 2289 uere
149 2226 347 2290 correxerint
370 2225 510 2290 Ursinus
534 2231 567 2289 et
591 2225 769 2290 Salmasius
794 2227 965 2291 scribendo
990 2226 1057 2290 ‘aut

46 2315 199 2378 sentienti
217 2313 342 2396 faeem',
359 2314 455 2377 ualde
470 2314 591 2378 dubito.
619 2317 724 2379 omnis
739 2315 824 2377 enim
838 2315 918 2377 facis
933 2316 1055 2378 mentio

44 2422 205 2485 peruersa,
232 2402 389 2484 siquidem
413 2403 551 2466 testibus
575 2404 676 2466 ateis
701 2424 782 2487 quae
806 2404 1002 2468 antecedunt
1026 2406 1057 2467 et

44 2488 141 2553 huius
174 2491 334 2554 enuntiati
366 2491 474 2554 uerbis
507 2491 632 2555 ultimis
666 2491 705 2555 de
738 2493 808 2556 sola
840 2513 960 2556 eorona
989 2493 1056 2555 siue

44 2577 178 2643 floribus
209 2583 334 2663 agatur.
380 2580 476 2642 debet
504 2583 613 2644 autern
641 2602 680 2643 ex
708 2581 774 2645 illis
804 2579 872 2644 ‘aut
895 2602 961 2645 non
986 2602 1057 2644 sen-

44 2667 140 2730 tienti
172 2666 289 2732 faoem'
322 2667 442 2750 aliquid
475 2669 559 2746 erui,
591 2669 674 2751 quod
709 2671 811 2732 artius
844 2690 917 2733 eum
950 2670 1056 2732 uerbis

46 2754 171 2819 ‘beatus
190 2779 256 2820 non
274 2761 358 2839 eget,
377 2755 475 2820 miser
492 2777 558 2821 non
577 2756 697 2840 gaudet
714 2757 859 2822 floribus'
875 2756 1056 2821 cohaereat

44 2843 196 2907 nimirum
223 2846 256 2907 in
279 2844 392 2926 Elysio
419 2844 626 2909 uersantibus
654 2847 781 2911 abunde
809 2846 929 2909 adsunt
952 2845 1057 2928 flores,

46 2952 126 3015 quos
152 2953 212 2995 nee
234 2931 356 2996 habent
378 2953 437 2996 neo
461 2938 575 2997 curant
598 2935 627 2996 ei
650 2937 704 3018 qui
728 2935 762 2997 in
786 2935 959 2998 Tartarum
983 2938 1058 2997 sunt

46 3020 191 3085 coniecti.
236 3019 340 3102 Elysii
369 3024 478 3085 autem
500 3023 624 3087 incolas
647 3025 801 3106 quoniam
824 3044 901 3107 pax,
928 3022 1056 3086 Tartari

46 3113 154 3173 autem
173 3113 338 3172 consortes
358 3131 463 3191 poena
481 3113 615 3174 aeterna
629 3111 754 3195 exeipit,
771 3112 879 3196 potuit
893 3110 1055 3175 Minucius

46 3199 91 3263 sio
115 3197 252 3263 seribere
276 3194 344 3259 ‘aut
366 3199 432 3261 iam
456 3199 611 3263 sentienti
634 3198 769 3283 paeem’,
793 3200 854 3265 hoe
878 3204 929 3263 est
949 3201 1057 3264 beato.

26 3364 35 3397 ο
113 3337 234 3424 Scripsi
257 3335 442 3421 Groningae
466 3362 576 3404 mense
599 3339 693 3406 Iunio
718 3365 744 3406 a.
771 3341 865 3407 1883.
