2378 3930
101 188 142 255 78
342 210 418 255 nonu
439 212 459 253 n
481 208 582 255 nnsno
604 212 647 253 nn
668 209 780 255 nunno.
938 188 1016 275 [11¹1]

98 344 188 407 matio
221 342 367 425 pecoralis
395 342 519 413 multae,
556 350 586 404 et
612 341 702 404 bones
731 344 863 403 centenis
891 340 1015 414 assibus,

98 462 168 507 oves
195 446 279 507 denis
305 446 485 507 aestimatae.
528 444 597 506 inde
620 462 758 525 suprema
781 442 889 517 multa,
918 444 1018 507 idest

98 548 240 615 maxima,
276 544 439 626 appellatur
474 546 531 607 tria
560 544 638 607 milia
665 546 751 607 aeris.
795 546 867 607 item
896 546 1017 609 vicessis

97 646 263 709 minoribus
285 647 407 708 delictis.

63 748 80 797 5
162 747 254 831 [222]
274 754 442 826 Parasangae
459 752 531 826 apud
544 752 643 809 Persas
657 753 760 808 viarum
776 768 929 810 mensurae.

162 846 268 931 [237¹]
284 849 441 911 Pecnlatus
463 848 574 910 lurtum
590 849 742 929 publicum
758 850 817 910 diei
833 857 957 930 coeptus
973 860 1017 912 est

97 970 114 1013 a
135 969 258 1030 penore,
281 953 348 1030 quia
370 951 406 1012 ab
431 970 466 1012 eo
488 952 604 1013 initium
620 952 682 1012 eins
698 950 809 1012 fraudis
825 970 890 1013 esse
906 954 1015 1029 coepit,

96 1054 240 1132 siquidem
262 1063 330 1114 ante
353 1071 402 1114 aes
425 1061 475 1113 aut
497 1060 652 1130 argentum
675 1052 822 1131 signatum
846 1052 883 1113 ob
907 1051 1015 1113 delicta

96 1171 192 1233 poena
214 1154 383 1232 gravissima
406 1160 470 1214 erat
494 1154 619 1214 duarum
642 1155 739 1215 ovium
756 1161 784 1213 et
799 1152 879 1214 XXX
894 1143 1014 1215 bovum.

46 1258 78 1307 10
97 1273 130 1315 ea
153 1253 217 1333 lege
240 1266 402 1316 sanxerunt
424 1254 458 1315 T.
474 1255 628 1315 Menenius
650 1257 778 1316 Lanatus
801 1263 830 1316 et
850 1255 884 1317 P.
901 1256 1015 1317 Sestius

97 1355 276 1434 Capitolinos
302 1356 449 1418 consules
495 1374 569 1436 qnae
590 1357 735 1436 pecudeS,
766 1366 921 1437 postquam
945 1376 1014 1419 aere

96 1457 210 1535 signato
239 1459 282 1519 uti
310 1460 407 1537 coepit
435 1457 564 1538 populus
591 1457 756 1527 Romanus,
793 1458 918 1540 Tarpeia
947 1458 1013 1538 lege

96 1567 214 1619 cantum
237 1566 295 1630 est,
319 1566 352 1619 ut
367 1559 421 1621 bos
439 1558 638 1630 centussibus,
662 1561 723 1619 ovis
738 1559 913 1621 decussibus
927 1562 1014 1622 aesti-

96 1670 235 1721 manetur.

45 1763 76 1812 15
160 1760 252 1843 [208]
279 1766 398 1822 Pendere
420 1783 523 1840 poenas
546 1767 651 1823 solvere
673 1765 808 1839 signifieat
830 1766 864 1822 ab
885 1783 918 1824 eo
940 1768 1016 1841 qnod

94 1867 156 1907 nere
181 1854 255 1924 gravi
277 1868 338 1908 eum
358 1860 501 1908 uterentur
517 1851 646 1922 Romani,
668 1869 752 1925 penso
771 1868 819 1921 eo,
846 1867 901 1908 non
920 1869 1016 1908 nume·

94 1946 154 1993 rato
170 1936 290 1993 debitum
307 1935 461 1992 solvebant:
480 1937 552 1992 nunde
569 1936 648 1993 etiam
665 1936 812 2010 pensiones
830 1937 926 1994 dietae.

159 2031 267 2114 [246⁴]
292 2032 400 2095 Pondo
428 2032 542 2094 librum
570 2032 733 2112 dicebant,
765 2034 849 2113 quod
877 2033 1015 2095 solebant

94 2138 151 2196 iam
167 2137 235 2196 inde
251 2155 268 2196 a
284 2137 380 2197 Romu
403 2136 529 2197 condita
552 2154 608 2196 aes
631 2134 820 2214 appendere,
846 2154 914 2196 corn
936 2155 1013 2196 reone·

43 2239 76 2287 '20
94 2238 166 2297 dnm
188 2239 301 2314 argenti
324 2239 427 2314 signati
452 2238 533 2298 ullus
554 2256 630 2298 rusus
653 2243 744 2311 esset,
769 2237 853 2315 qnod
868 2238 1012 2317 antiquo·

94 2356 162 2396 nnn
185 2337 322 2415 publicae
345 2347 373 2397 et
396 2341 524 2416 privatae
546 2339 687 2400 rationes
702 2339 877 2399 etiamnunc
892 2340 1012 2400 docent.

159 2436 271 2518 [ibid]
293 2437 413 2499 Publica
442 2440 575 2519 pondera
605 2440 650 2500 ad
676 2441 841 2520 lepitirnam
870 2459 1013 2501 normam

94 2547 209 2601 enecta
235 2539 337 2618 fnisse
365 2560 403 2601 ex
431 2560 464 2601 ea
493 2560 580 2602 eausa
608 2543 709 2602 lunius
736 2543 767 2601 in
883 2543 1011 2622 eollipit,

94 2643 172 2720 quod
202 2644 259 2704 duo
289 2641 350 2704 Silii
377 2642 408 2702 P.
434 2650 463 2703 et
490 2643 528 2704 Μ.
556 2644 667 2704 tribuni
694 2641 774 2721 plebi
803 2645 938 2720 rogarint
967 2644 1013 2704 bis

43 2745 75 2793 '25
94 2744 207 2804 verbis:
237 2751 285 2805 ‘ex
313 2743 495 2822 ponderibus
518 2744 657 2823 publioiS,
687 2744 795 2823 quibus
818 2744 874 2805 bac
896 2753 1012 2824 tempe·

94 2852 168 2906 state
195 2845 319 2925 populus
343 2848 435 2908 oetier
459 2846 537 2928 [qui]
561 2846 650 2916 solet,
682 2845 752 2927 [inti]
777 2855 957 2926 coaequator
980 2866 1012 2909 se

162 3068 185 3115 3.
205 3066 294 3116 millia
312 3071 384 3132 onlpo
453 3068 575 3118 vincesis
598 3069 654 3118 eod.
676 3066 724 3131 (P),
754 3082 823 3117 corr.
849 3069 900 3118 Urs
971 3070 1011 3119 10.

94 3164 155 3197 eam
173 3148 264 3214 legem
276 3154 340 3204 coni.
355 3152 416 3202 Mne
432 3159 541 3217 praeter
559 3153 734 3201 nenessitatem
791 3153 934 3202 menonius
953 3155 1010 3203 eod.

96 3231 145 3296 (K)
217 3236 258 3283 11.
278 3239 403 3288 eoseod.
475 3239 514 3286 12.
528 3237 559 3286 Ρ.
572 3236 605 3288 R.
618 3238 674 3286 eod.
746 3240 787 3287 13.
807 3237 967 3287 centusibus
986 3243 1011 3286 et

93 3317 241 3368 deensibus
259 3322 316 3371 cod.
404 3322 443 3368 16.
463 3337 539 3370 roma
559 3319 605 3383 (2¹,
631 3323 659 3369 ni
678 3322 739 3371 odd.
761 3319 793 3369 (ii
861 3338 946 3387 pense
968 3320 1010 3385 6¹,

95 3417 180 3467 penso
201 3401 232 3453 6²
335 3405 376 3452 24.
397 3403 453 3453 silli
471 3407 528 3457 eod.
598 3405 660 3454 trib.
679 3405 753 3468 pleb.
773 3407 828 3456 eod.
916 3410 957 3459 25.
977 3423 1011 3456 ex

83 3487 258 3549 ponderibus
275 3484 335 3554 eet]
355 3505 376 3540 o.
393 3490 509 3554 praefat.
589 3490 630 3539 26.
650 3492 820 3553 coaequatur
838 3491 964 3539 sedulum
981 3497 1011 3541 ut

70 3569 107 3618 ni
125 3574 299 3637 quadrantal
316 3578 375 3634 cod.
