<?xml version="1.0" encoding="UTF-8"?>
<!DOCTYPE html PUBLIC "-//W3C//DTD XHTML 1.0 Transitional//EN"
    "http://www.w3.org/TR/xhtml1/DTD/xhtml1-transitional.dtd">
<html xmlns="http://www.w3.org/1999/xhtml" xml:lang="en" lang="en">
 <head>
  <title>
</title>
<meta http-equiv="Content-Type" content="text/html;charset=utf-8" />
  <meta name='ocr-system' content='tesseract 3.04.00' />
  <meta name='ocr-capabilities' content='ocr_page ocr_carea ocr_par ocr_line ocrx_word'/>
</head>
<body>
  <div class='ocr_page' id='page_1' title='image "./pomponiimelaede02melagoog_0085.png"; bbox 0 0 2378 3930; ppageno 0'>
   <div class='ocr_carea' id='block_1_1' title="bbox 119 204 787 274">
    <p class='ocr_par' dir='ltr' id='par_1_1' title="bbox 119 204 787 274">
     <span class='ocr_line' id='line_1_1' title="bbox 119 204 787 274; baseline 0 -14"><span class='ocrx_word' id='word_1_1' title='bbox 119 209 161 274; x_wconf 82' lang='lat'><strong>68</strong></span> <span class='ocrx_word' id='word_1_2' title='bbox 463 204 643 262; x_wconf 85' lang='lat' dir='ltr'>POMPONII</span> <span class='ocrx_word' id='word_1_3' title='bbox 660 204 787 261; x_wconf 73' lang='lat' dir='ltr'><strong>nunna</strong></span> 
     </span>
    </p>
   </div>
   <div class='ocr_carea' id='block_1_2' title="bbox 65 366 1180 1958">
    <p class='ocr_par' dir='ltr' id='par_1_2' title="bbox 65 366 1180 1958">
     <span class='ocr_line' id='line_1_2' title="bbox 119 366 1134 454; baseline -0.002 -17"><span class='ocrx_word' id='word_1_4' title='bbox 119 369 244 437; x_wconf 85' lang='lat' dir='ltr'><strong>Gallice</strong></span> <span class='ocrx_word' id='word_1_5' title='bbox 255 369 405 436; x_wconf 88' lang='lat' dir='ltr'><strong>armatis:</strong></span> <span class='ocrx_word' id='word_1_6' title='bbox 419 368 575 434; x_wconf 90' lang='lat' dir='ltr'><strong>covinnos</strong></span> <span class='ocrx_word' id='word_1_7' title='bbox 585 372 712 454; x_wconf 82' lang='lat' dir='ltr'><strong>vocant,</strong></span> <span class='ocrx_word' id='word_1_8' title='bbox 726 388 864 453; x_wconf 85' lang='lat' dir='ltr'><strong>quorum</strong></span> <span class='ocrx_word' id='word_1_9' title='bbox 874 366 1005 434; x_wconf 84' lang='lat' dir='ltr'><strong>falcatis</strong></span> <span class='ocrx_word' id='word_1_10' title='bbox 1015 369 1134 435; x_wconf 84' lang='lat' dir='ltr'><strong>axibus</strong></span> 
     </span>
     <span class='ocr_line' id='line_1_3' title="bbox 65 456 1136 542; baseline -0.004 -17"><span class='ocrx_word' id='word_1_11' title='bbox 65 476 99 526; x_wconf 86' lang='grc'><strong>55</strong></span> <span class='ocrx_word' id='word_1_12' title='bbox 117 464 263 525; x_wconf 89' lang='lat' dir='ltr'><strong>utuntur.</strong></span> <span class='ocrx_word' id='word_1_13' title='bbox 313 479 409 542; x_wconf 90' lang='lat' dir='ltr'><strong>super</strong></span> <span class='ocrx_word' id='word_1_14' title='bbox 441 456 646 522; x_wconf 71' lang='lat' dir='ltr'><strong>Britanniam</strong></span> <span class='ocrx_word' id='word_1_15' title='bbox 677 457 817 523; x_wconf 86' lang='lat' dir='ltr'><strong>laverna</strong></span> <span class='ocrx_word' id='word_1_16' title='bbox 854 460 906 522; x_wconf 88' lang='lat' dir='ltr'><strong>eet</strong></span> <span class='ocrx_word' id='word_1_17' title='bbox 935 477 1039 541; x_wconf 90' lang='lat' dir='ltr'><strong>paene</strong></span> <span class='ocrx_word' id='word_1_18' title='bbox 1074 478 1136 542; x_wconf 77' lang='lat' dir='ltr'><strong>par</strong></span> 
     </span>
     <span class='ocr_line' id='line_1_4' title="bbox 119 545 1134 633; baseline -0.003 -20"><span class='ocrx_word' id='word_1_19' title='bbox 119 548 235 633; x_wconf 86' lang='lat' dir='ltr'><strong>spatio,</strong></span> <span class='ocrx_word' id='word_1_20' title='bbox 259 546 316 612; x_wconf 88' lang='lat' dir='ltr'><strong>sed</strong></span> <span class='ocrx_word' id='word_1_21' title='bbox 343 546 507 630; x_wconf 76' lang='lat' dir='ltr'><strong>utrimque</strong></span> <span class='ocrx_word' id='word_1_22' title='bbox 530 545 658 631; x_wconf 85' lang='lat' dir='ltr'><strong>aequali</strong></span> <span class='ocrx_word' id='word_1_23' title='bbox 680 549 789 611; x_wconf 87' lang='lat' dir='ltr'><strong>tractu</strong></span> <span class='ocrx_word' id='word_1_24' title='bbox 812 545 949 611; x_wconf 88' lang='lat' dir='ltr'><strong>litorum</strong></span> <span class='ocrx_word' id='word_1_25' title='bbox 973 545 1134 632; x_wconf 84' lang='lat' dir='ltr'><strong>oblonga,</strong></span> 
     </span>
     <span class='ocr_line' id='line_1_5' title="bbox 119 632 1138 718; baseline -0.001 -17"><span class='ocrx_word' id='word_1_26' title='bbox 119 637 200 702; x_wconf 85' lang='lat' dir='ltr'><strong>caeli</strong></span> <span class='ocrx_word' id='word_1_27' title='bbox 215 635 255 700; x_wconf 86' lang='lat' dir='ltr'><strong>ad</strong></span> <span class='ocrx_word' id='word_1_28' title='bbox 269 635 463 700; x_wconf 87' lang='lat' dir='ltr'><strong>maturanda</strong></span> <span class='ocrx_word' id='word_1_29' title='bbox 477 636 602 700; x_wconf 89' lang='lat' dir='ltr'><strong>semina</strong></span> <span class='ocrx_word' id='word_1_30' title='bbox 615 634 728 718; x_wconf 90' lang='lat' dir='ltr'><strong>iniqui,</strong></span> <span class='ocrx_word' id='word_1_31' title='bbox 746 655 860 699; x_wconf 91' lang='lat' dir='ltr'><strong>verum</strong></span> <span class='ocrx_word' id='word_1_32' title='bbox 874 633 954 700; x_wconf 88' lang='lat' dir='ltr'><strong>adeo</strong></span> <span class='ocrx_word' id='word_1_33' title='bbox 969 632 1138 700; x_wconf 85' lang='lat' dir='ltr'><strong>luxuriosa</strong></span> 
     </span>
     <span class='ocr_line' id='line_1_6' title="bbox 118 722 1164 805; baseline -0.01 -14"><span class='ocrx_word' id='word_1_34' title='bbox 118 726 228 791; x_wconf 79' lang='lat' dir='ltr'>herbis</span> <span class='ocrx_word' id='word_1_35' title='bbox 260 745 326 791; x_wconf 88' lang='lat' dir='ltr'><strong>nou</strong></span> <span class='ocrx_word' id='word_1_36' title='bbox 358 724 454 788; x_wconf 90' lang='lat' dir='ltr'><strong>laetis</strong></span> <span class='ocrx_word' id='word_1_37' title='bbox 486 723 584 789; x_wconf 90' lang='lat' dir='ltr'><strong>modo</strong></span> <span class='ocrx_word' id='word_1_38' title='bbox 616 722 673 788; x_wconf 89' lang='lat' dir='ltr'><strong>sed</strong></span> <span class='ocrx_word' id='word_1_39' title='bbox 706 723 807 787; x_wconf 86' lang='lat' dir='ltr'><strong>etiam</strong></span> <span class='ocrx_word' id='word_1_40' title='bbox 838 722 1002 805; x_wconf 74' lang='lat' dir='ltr'><strong>dulcibus,</strong></span> <span class='ocrx_word' id='word_1_41' title='bbox 1033 726 1072 787; x_wconf 92' lang='lat' dir='ltr'><strong>ut</strong></span> <span class='ocrx_word' id='word_1_42' title='bbox 1103 735 1164 788; x_wconf 81' lang='lat' dir='ltr'><strong>ses</strong></span> 
     </span>
     <span class='ocr_line' id='line_1_7' title="bbox 120 811 1138 898; baseline -0.003 -19"><span class='ocrx_word' id='word_1_43' title='bbox 120 814 237 898; x_wconf 82' lang='lat' dir='ltr'><strong>exigua</strong></span> <span class='ocrx_word' id='word_1_44' title='bbox 268 816 362 896; x_wconf 87' lang='lat' dir='ltr'><strong>parte</strong></span> <span class='ocrx_word' id='word_1_45' title='bbox 395 812 461 877; x_wconf 91' lang='lat' dir='ltr'><strong>diei</strong></span> <span class='ocrx_word' id='word_1_46' title='bbox 492 832 612 896; x_wconf 88' lang='lat' dir='ltr'><strong>pecora</strong></span> <span class='ocrx_word' id='word_1_47' title='bbox 642 811 817 895; x_wconf 74' lang='lat' dir='ltr'><strong>impleant,</strong></span> <span class='ocrx_word' id='word_1_48' title='bbox 853 815 888 876; x_wconf 94' lang='lat' dir='ltr'><strong>et</strong></span> <span class='ocrx_word' id='word_1_49' title='bbox 919 811 983 875; x_wconf 91' lang='lat' dir='ltr'><strong>nisi</strong></span> <span class='ocrx_word' id='word_1_50' title='bbox 1015 811 1138 894; x_wconf 89' lang='lat' dir='ltr'><strong>pabulo</strong></span> 
     </span>
     <span class='ocr_line' id='line_1_8' title="bbox 118 899 1138 986; baseline -0.002 -19"><span class='ocrx_word' id='word_1_51' title='bbox 118 902 367 986; x_wconf 73' lang='lat' dir='ltr'><strong>prohibeantur,</strong></span> <span class='ocrx_word' id='word_1_52' title='bbox 398 899 522 966; x_wconf 90' lang='lat' dir='ltr'><strong>diutius</strong></span> <span class='ocrx_word' id='word_1_53' title='bbox 549 903 645 984; x_wconf 86' lang='lat' dir='ltr'><strong>pasta</strong></span> <span class='ocrx_word' id='word_1_54' title='bbox 674 899 847 965; x_wconf 85' lang='lat' dir='ltr'><strong>dissiliant.</strong></span> <span class='ocrx_word' id='word_1_55' title='bbox 898 899 1040 965; x_wconf 87' lang='lat' dir='ltr'><strong>cultores</strong></span> <span class='ocrx_word' id='word_1_56' title='bbox 1068 900 1138 965; x_wconf 89' lang='grc'>5155</span> 
     </span>
     <span class='ocr_line' id='line_1_9' title="bbox 119 988 1139 1073; baseline -0.004 -17"><span class='ocrx_word' id='word_1_57' title='bbox 119 990 280 1056; x_wconf 79' lang='lat' dir='ltr'><strong>inconditi</strong></span> <span class='ocrx_word' id='word_1_58' title='bbox 299 992 376 1054; x_wconf 86' lang='lat' dir='ltr'><strong>sunt</strong></span> <span class='ocrx_word' id='word_1_59' title='bbox 398 993 431 1054; x_wconf 91' lang='lat' dir='ltr'><strong>et</strong></span> <span class='ocrx_word' id='word_1_60' title='bbox 450 989 594 1053; x_wconf 90' lang='lat' dir='ltr'><strong>omnium</strong></span> <span class='ocrx_word' id='word_1_61' title='bbox 612 989 771 1053; x_wconf 86' lang='lat' dir='ltr'><strong>virtutum</strong></span> <span class='ocrx_word' id='word_1_62' title='bbox 789 988 896 1073; x_wconf 84' lang='lat' dir='ltr'><strong>ignari</strong></span> <span class='ocrx_word' id='word_1_63' title='bbox 920 989 1021 1071; x_wconf 69' lang='grc'>515955</span> <span class='ocrx_word' id='word_1_64' title='bbox 1039 1008 1139 1072; x_wconf 87' lang='lat' dir='ltr'><strong>quam</strong></span> 
     </span>
     <span class='ocr_line' id='line_1_10' title="bbox 67 1075 1140 1162; baseline -0.003 -18"><span class='ocrx_word' id='word_1_65' title='bbox 67 1094 102 1144; x_wconf 83' lang='grc'><strong>54</strong></span> <span class='ocrx_word' id='word_1_66' title='bbox 121 1079 205 1144; x_wconf 89' lang='grc'>51155</span> <span class='ocrx_word' id='word_1_67' title='bbox 224 1081 347 1162; x_wconf 89' lang='lat' dir='ltr'><strong>gentes,</strong></span> <span class='ocrx_word' id='word_1_68' title='bbox 364 1078 498 1160; x_wconf 88' lang='lat' dir='ltr'><strong>pietatis</strong></span> <span class='ocrx_word' id='word_1_69' title='bbox 517 1075 691 1142; x_wconf 78' lang='lat' dir='ltr'><strong>admodum</strong></span> <span class='ocrx_word' id='word_1_70' title='bbox 709 1081 866 1161; x_wconf 80' lang='lat' dir='ltr'><strong>expertes.</strong></span> <span class='ocrx_word' id='word_1_71' title='bbox 902 1076 1042 1161; x_wconf 88' lang='lat' dir='ltr'><strong>triginta</strong></span> <span class='ocrx_word' id='word_1_72' title='bbox 1060 1080 1140 1141; x_wconf 87' lang='grc'>5551</span> 
     </span>
     <span class='ocr_line' id='line_1_11' title="bbox 120 1164 1179 1250; baseline -0.003 -18"><span class='ocrx_word' id='word_1_73' title='bbox 120 1166 262 1232; x_wconf 89' lang='lat' dir='ltr'><strong>Orcades</strong></span> <span class='ocrx_word' id='word_1_74' title='bbox 295 1165 445 1250; x_wconf 83' lang='lat' dir='ltr'><strong>angustis</strong></span> <span class='ocrx_word' id='word_1_75' title='bbox 476 1165 563 1230; x_wconf 89' lang='lat' dir='ltr'><strong>inter</strong></span> <span class='ocrx_word' id='word_1_76' title='bbox 596 1186 630 1229; x_wconf 93' lang='lat' dir='ltr'><strong>se</strong></span> <span class='ocrx_word' id='word_1_77' title='bbox 662 1164 812 1230; x_wconf 78' lang='lat' dir='ltr'><strong>diductae</strong></span> <span class='ocrx_word' id='word_1_78' title='bbox 844 1166 978 1250; x_wconf 88' lang='lat' dir='ltr'><strong>spatiis,</strong></span> <span class='ocrx_word' id='word_1_79' title='bbox 1010 1168 1138 1249; x_wconf 86' lang='lat' dir='ltr'><strong>septem</strong></span> <span class='ocrx_word' id='word_1_80' title='bbox 1152 1181 1179 1221; x_wconf 81' lang='lat'><strong>1⁰</strong></span> 
     </span>
     <span class='ocr_line' id='line_1_12' title="bbox 120 1251 1141 1320; baseline -0.003 0"><span class='ocrx_word' id='word_1_81' title='bbox 120 1253 309 1320; x_wconf 85' lang='lat' dir='ltr'><strong>Haemodae</strong></span> <span class='ocrx_word' id='word_1_82' title='bbox 340 1258 454 1319; x_wconf 88' lang='lat' dir='ltr'><strong>contra</strong></span> <span class='ocrx_word' id='word_1_83' title='bbox 486 1251 696 1319; x_wconf 78' lang='lat' dir='ltr'><strong>Germaniam</strong></span> <span class='ocrx_word' id='word_1_84' title='bbox 729 1258 848 1319; x_wconf 84' lang='lat' dir='ltr'><strong>vectae.</strong></span> <span class='ocrx_word' id='word_1_85' title='bbox 902 1255 936 1318; x_wconf 93' lang='lat' dir='ltr'><strong>in</strong></span> <span class='ocrx_word' id='word_1_86' title='bbox 973 1253 1030 1319; x_wconf 92' lang='lat' dir='ltr'><strong>illo</strong></span> <span class='ocrx_word' id='word_1_87' title='bbox 1064 1253 1141 1318; x_wconf 87' lang='lat' dir='ltr'><strong>sinu</strong></span> 
     </span>
     <span class='ocr_line' id='line_1_13' title="bbox 121 1340 1140 1428; baseline -0.002 -20"><span class='ocrx_word' id='word_1_88' title='bbox 121 1364 218 1428; x_wconf 91' lang='lat' dir='ltr'><strong>quem</strong></span> <span class='ocrx_word' id='word_1_89' title='bbox 232 1341 400 1408; x_wconf 78' lang='lat' dir='ltr'><strong>Codanum</strong></span> <span class='ocrx_word' id='word_1_90' title='bbox 414 1343 554 1407; x_wconf 80' lang='lat' dir='ltr'><strong>diximus</strong></span> <span class='ocrx_word' id='word_1_91' title='bbox 569 1342 688 1407; x_wconf 87' lang='lat' dir='ltr'><strong>eximia</strong></span> <span class='ocrx_word' id='word_1_92' title='bbox 704 1340 902 1422; x_wconf 82' lang='lat' dir='ltr'><strong>Scadinavia,</strong></span> <span class='ocrx_word' id='word_1_93' title='bbox 922 1362 1020 1426; x_wconf 87' lang='lat' dir='ltr'><strong>quam</strong></span> <span class='ocrx_word' id='word_1_94' title='bbox 1034 1341 1140 1406; x_wconf 90' lang='lat' dir='ltr'><strong>adhuc</strong></span> 
     </span>
     <span class='ocr_line' id='line_1_14' title="bbox 121 1429 1141 1514; baseline -0.001 -17"><span class='ocrx_word' id='word_1_95' title='bbox 121 1431 264 1497; x_wconf 82' lang='lat' dir='ltr'><strong>Teutoni</strong></span> <span class='ocrx_word' id='word_1_96' title='bbox 281 1435 401 1514; x_wconf 86' lang='lat' dir='ltr'><strong>tenent,</strong></span> <span class='ocrx_word' id='word_1_97' title='bbox 421 1435 453 1496; x_wconf 90' lang='lat' dir='ltr'><strong>et</strong></span> <span class='ocrx_word' id='word_1_98' title='bbox 472 1435 509 1496; x_wconf 89' lang='lat' dir='ltr'><strong>ut</strong></span> <span class='ocrx_word' id='word_1_99' title='bbox 526 1430 724 1496; x_wconf 83' lang='lat' dir='ltr'><strong>fecunditate</strong></span> <span class='ocrx_word' id='word_1_100' title='bbox 743 1430 825 1496; x_wconf 89' lang='lat' dir='ltr'><strong>aliae</strong></span> <span class='ocrx_word' id='word_1_101' title='bbox 844 1431 893 1496; x_wconf 89' lang='lat' dir='ltr'><strong>ita</strong></span> <span class='ocrx_word' id='word_1_102' title='bbox 910 1429 1141 1514; x_wconf 82' lang='lat' dir='ltr'><strong>magnitudine</strong></span> 
     </span>
     <span class='ocr_line' id='line_1_15' title="bbox 69 1517 1140 1604; baseline -0.003 -19"><span class='ocrx_word' id='word_1_103' title='bbox 69 1523 274 1586; x_wconf 83' lang='grc'>5555155151.</span> <span class='ocrx_word' id='word_1_104' title='bbox 320 1540 402 1604; x_wconf 89' lang='lat' dir='ltr'><strong>quae</strong></span> <span class='ocrx_word' id='word_1_105' title='bbox 421 1517 581 1585; x_wconf 81' lang='lat' dir='ltr'><strong>Sarmatis</strong></span> <span class='ocrx_word' id='word_1_106' title='bbox 600 1520 737 1585; x_wconf 91' lang='lat' dir='ltr'><strong>adversa</strong></span> <span class='ocrx_word' id='word_1_107' title='bbox 760 1523 837 1585; x_wconf 88' lang='lat' dir='ltr'><strong>sunt</strong></span> <span class='ocrx_word' id='word_1_108' title='bbox 860 1520 902 1584; x_wconf 91' lang='lat' dir='ltr'><strong>ob</strong></span> <span class='ocrx_word' id='word_1_109' title='bbox 921 1519 1065 1584; x_wconf 86' lang='lat' dir='ltr'><strong>alternos</strong></span> <span class='ocrx_word' id='word_1_110' title='bbox 1088 1540 1140 1583; x_wconf 86' lang='lat' dir='ltr'><strong>ac·</strong></span> 
     </span>
     <span class='ocr_line' id='line_1_16' title="bbox 122 1607 1180 1693; baseline -0.002 -19"><span class='ocrx_word' id='word_1_111' title='bbox 122 1630 231 1674; x_wconf 87' lang='lat' dir='ltr'><strong>cessus</strong></span> <span class='ocrx_word' id='word_1_112' title='bbox 254 1629 467 1692; x_wconf 80' lang='lat' dir='ltr'><strong>recursusque</strong></span> <span class='ocrx_word' id='word_1_113' title='bbox 489 1608 607 1693; x_wconf 82' lang='lat' dir='ltr'><strong>pelagi,</strong></span> <span class='ocrx_word' id='word_1_114' title='bbox 630 1612 664 1672; x_wconf 90' lang='lat' dir='ltr'><strong>et</strong></span> <span class='ocrx_word' id='word_1_115' title='bbox 687 1608 772 1693; x_wconf 90' lang='lat' dir='ltr'><strong>quod</strong></span> <span class='ocrx_word' id='word_1_116' title='bbox 792 1608 901 1691; x_wconf 90' lang='lat' dir='ltr'><strong>spatia</strong></span> <span class='ocrx_word' id='word_1_117' title='bbox 924 1609 996 1692; x_wconf 89' lang='lat' dir='ltr'><strong>quis</strong></span> <span class='ocrx_word' id='word_1_118' title='bbox 1015 1607 1140 1672; x_wconf 89' lang='lat' dir='ltr'><strong>distant</strong></span> <span class='ocrx_word' id='word_1_119' title='bbox 1155 1622 1180 1663; x_wconf 79' lang='lat'><strong>1⁶</strong></span> 
     </span>
     <span class='ocr_line' id='line_1_17' title="bbox 121 1695 1140 1781; baseline -0.002 -19"><span class='ocrx_word' id='word_1_120' title='bbox 121 1697 218 1762; x_wconf 90' lang='lat' dir='ltr'><strong>modo</strong></span> <span class='ocrx_word' id='word_1_121' title='bbox 242 1698 432 1781; x_wconf 88' lang='lat' dir='ltr'><strong>operiuntur</strong></span> <span class='ocrx_word' id='word_1_122' title='bbox 454 1695 549 1762; x_wconf 90' lang='lat' dir='ltr'><strong>undis</strong></span> <span class='ocrx_word' id='word_1_123' title='bbox 572 1697 668 1761; x_wconf 91' lang='lat' dir='ltr'><strong>modo</strong></span> <span class='ocrx_word' id='word_1_124' title='bbox 692 1696 778 1761; x_wconf 90' lang='lat' dir='ltr'><strong>nuda</strong></span> <span class='ocrx_word' id='word_1_125' title='bbox 798 1700 883 1781; x_wconf 88' lang='lat' dir='ltr'><strong>sunt,</strong></span> <span class='ocrx_word' id='word_1_126' title='bbox 907 1696 989 1761; x_wconf 86' lang='lat' dir='ltr'><strong>alias</strong></span> <span class='ocrx_word' id='word_1_127' title='bbox 1012 1695 1140 1761; x_wconf 89' lang='lat' dir='ltr'><strong>insulae</strong></span> 
     </span>
     <span class='ocr_line' id='line_1_18' title="bbox 70 1783 1141 1854; baseline -0.004 -2"><span class='ocrx_word' id='word_1_128' title='bbox 70 1786 273 1854; x_wconf 72' lang='lat' dir='ltr'><strong>assidentes</strong></span> <span class='ocrx_word' id='word_1_129' title='bbox 301 1786 382 1850; x_wconf 89' lang='lat' dir='ltr'><strong>alias</strong></span> <span class='ocrx_word' id='word_1_130' title='bbox 410 1806 476 1850; x_wconf 90' lang='lat' dir='ltr'><strong>una</strong></span> <span class='ocrx_word' id='word_1_131' title='bbox 508 1788 542 1849; x_wconf 87' lang='lat' dir='ltr'><strong>et</strong></span> <span class='ocrx_word' id='word_1_132' title='bbox 573 1785 742 1850; x_wconf 87' lang='lat' dir='ltr'><strong>continens</strong></span> <span class='ocrx_word' id='word_1_133' title='bbox 774 1788 871 1850; x_wconf 86' lang='lat' dir='ltr'><strong>terre.</strong></span> <span class='ocrx_word' id='word_1_134' title='bbox 920 1785 957 1849; x_wconf 90' lang='lat' dir='ltr'><strong>in</strong></span> <span class='ocrx_word' id='word_1_135' title='bbox 988 1783 1041 1849; x_wconf 88' lang='lat' dir='ltr'><strong>his</strong></span> <span class='ocrx_word' id='word_1_136' title='bbox 1069 1805 1141 1849; x_wconf 89' lang='lat' dir='ltr'><strong>esse</strong></span> 
     </span>
     <span class='ocr_line' id='line_1_19' title="bbox 85 1873 1142 1958; baseline -0.002 -18"><span class='ocrx_word' id='word_1_137' title='bbox 85 1941 88 1951; x_wconf 78' lang='grc'>,</span> <span class='ocrx_word' id='word_1_138' title='bbox 122 1874 261 1958; x_wconf 88' lang='lat' dir='ltr'><strong>Oeonas,</strong></span> <span class='ocrx_word' id='word_1_139' title='bbox 284 1875 339 1958; x_wconf 91' lang='lat' dir='ltr'><strong>qui</strong></span> <span class='ocrx_word' id='word_1_140' title='bbox 362 1874 432 1939; x_wconf 87' lang='lat' dir='ltr'><strong>ovis</strong></span> <span class='ocrx_word' id='word_1_141' title='bbox 461 1873 569 1939; x_wconf 89' lang='lat' dir='ltr'><strong>avium</strong></span> <span class='ocrx_word' id='word_1_142' title='bbox 591 1874 788 1956; x_wconf 88' lang='lat' dir='ltr'><strong>palustrium</strong></span> <span class='ocrx_word' id='word_1_143' title='bbox 815 1876 851 1937; x_wconf 96' lang='grc'><strong>51</strong></span> <span class='ocrx_word' id='word_1_144' title='bbox 872 1873 983 1938; x_wconf 88' lang='lat' dir='ltr'><strong>avenis</strong></span> <span class='ocrx_word' id='word_1_145' title='bbox 1012 1877 1142 1938; x_wconf 86' lang='lat' dir='ltr'><strong>tantum</strong></span> 
     </span>
    </p>
   </div>
   <div class='ocr_carea' id='block_1_3' title="bbox 70 1959 1181 2579">
    <p class='ocr_par' dir='ltr' id='par_1_3' title="bbox 70 1959 1181 2579">
     <span class='ocr_line' id='line_1_20' title="bbox 123 1959 1140 2048; baseline -0.004 -18"><span class='ocrx_word' id='word_1_146' title='bbox 123 1964 262 2048; x_wconf 81' lang='lat' dir='ltr'><strong>alantur,</strong></span> <span class='ocrx_word' id='word_1_147' title='bbox 286 1984 357 2028; x_wconf 88' lang='lat' dir='ltr'><strong>esse</strong></span> <span class='ocrx_word' id='word_1_148' title='bbox 376 1961 503 2046; x_wconf 90' lang='lat' dir='ltr'><strong>equinis</strong></span> <span class='ocrx_word' id='word_1_149' title='bbox 522 1961 658 2045; x_wconf 90' lang='lat' dir='ltr'><strong>pedibus</strong></span> <span class='ocrx_word' id='word_1_150' title='bbox 676 1961 892 2047; x_wconf 89' lang='lat' dir='ltr'><strong>Hippopodas</strong></span> <span class='ocrx_word' id='word_1_151' title='bbox 910 1964 944 2026; x_wconf 95' lang='lat' dir='ltr'><strong>et</strong></span> <span class='ocrx_word' id='word_1_152' title='bbox 961 1959 1140 2026; x_wconf 80' lang='lat' dir='ltr'><strong>Panaetios</strong></span> 
     </span>
     <span class='ocr_line' id='line_1_21' title="bbox 122 2050 1181 2136; baseline -0.002 -20"><span class='ocrx_word' id='word_1_153' title='bbox 122 2053 240 2136; x_wconf 81' lang='lat' dir='ltr'><strong>quibua</strong></span> <span class='ocrx_word' id='word_1_154' title='bbox 264 2071 402 2135; x_wconf 90' lang='lat' dir='ltr'><strong>magnae</strong></span> <span class='ocrx_word' id='word_1_155' title='bbox 425 2054 577 2117; x_wconf 82' lang='lat' dir='ltr'><strong>eureset</strong></span> <span class='ocrx_word' id='word_1_156' title='bbox 600 2050 641 2116; x_wconf 86' lang='lat' dir='ltr'><strong>ad</strong></span> <span class='ocrx_word' id='word_1_157' title='bbox 664 2050 871 2116; x_wconf 87' lang='lat' dir='ltr'><strong>ambiendum</strong></span> <span class='ocrx_word' id='word_1_158' title='bbox 899 2071 1016 2134; x_wconf 89' lang='lat' dir='ltr'><strong>corpus</strong></span> <span class='ocrx_word' id='word_1_159' title='bbox 1045 2071 1141 2115; x_wconf 89' lang='lat' dir='ltr'><strong>omne</strong></span> <span class='ocrx_word' id='word_1_160' title='bbox 1156 2067 1181 2106; x_wconf 69' lang='lat'><strong>2⁰</strong></span> 
     </span>
     <span class='ocr_line' id='line_1_22' title="bbox 122 2138 1142 2224; baseline -0.003 -18"><span class='ocrx_word' id='word_1_161' title='bbox 122 2142 254 2224; x_wconf 87' lang='lat' dir='ltr'><strong>patulae</strong></span> <span class='ocrx_word' id='word_1_162' title='bbox 267 2140 363 2205; x_wconf 87' lang='lat' dir='ltr'><strong>nudis</strong></span> <span class='ocrx_word' id='word_1_163' title='bbox 378 2140 523 2224; x_wconf 90' lang='lat' dir='ltr'><strong>alioquin</strong></span> <span class='ocrx_word' id='word_1_164' title='bbox 537 2160 597 2222; x_wconf 91' lang='lat' dir='ltr'><strong>pro</strong></span> <span class='ocrx_word' id='word_1_165' title='bbox 612 2143 702 2204; x_wconf 89' lang='lat' dir='ltr'><strong>veste</strong></span> <span class='ocrx_word' id='word_1_166' title='bbox 717 2139 791 2223; x_wconf 90' lang='lat' dir='ltr'><strong>sint,</strong></span> <span class='ocrx_word' id='word_1_167' title='bbox 809 2138 1142 2224; x_wconf 89' lang='lat' dir='ltr'><strong>praeterquamquod</strong></span> 
     </span>
     <span class='ocr_line' id='line_1_23' title="bbox 123 2227 1143 2312; baseline 0 -21"><span class='ocrx_word' id='word_1_168' title='bbox 123 2227 245 2292; x_wconf 89' lang='lat' dir='ltr'><strong>fabulis</strong></span> <span class='ocrx_word' id='word_1_169' title='bbox 269 2228 422 2311; x_wconf 88' lang='lat' dir='ltr'><strong>traditur,</strong></span> <span class='ocrx_word' id='word_1_170' title='bbox 449 2229 535 2308; x_wconf 80' lang='lat' dir='ltr'><strong>apud</strong></span> <span class='ocrx_word' id='word_1_171' title='bbox 557 2230 705 2292; x_wconf 87' lang='lat' dir='ltr'><strong>auctores</strong></span> <span class='ocrx_word' id='word_1_172' title='bbox 729 2227 828 2293; x_wconf 89' lang='lat' dir='ltr'><strong>etiam</strong></span> <span class='ocrx_word' id='word_1_173' title='bbox 853 2249 932 2312; x_wconf 91' lang='lat' dir='ltr'><strong>quos</strong></span> <span class='ocrx_word' id='word_1_174' title='bbox 961 2227 1053 2312; x_wconf 90' lang='lat' dir='ltr'><strong>sequi</strong></span> <span class='ocrx_word' id='word_1_175' title='bbox 1074 2248 1143 2293; x_wconf 90' lang='lat' dir='ltr'><strong>non</strong></span> 
     </span>
     <span class='ocr_line' id='line_1_24' title="bbox 70 2314 1143 2400; baseline -0.003 -17"><span class='ocrx_word' id='word_1_176' title='bbox 70 2334 104 2383; x_wconf 80' lang='lat' dir='ltr'><strong>ov</strong></span> <span class='ocrx_word' id='word_1_177' title='bbox 123 2317 236 2400; x_wconf 85' lang='lat' dir='ltr'><strong>pigeat</strong></span> <span class='ocrx_word' id='word_1_178' title='bbox 262 2315 401 2380; x_wconf 91' lang='lat' dir='ltr'><strong>invenio.</strong></span> <span class='ocrx_word' id='word_1_179' title='bbox 446 2314 553 2398; x_wconf 84' lang='lat' dir='ltr'><strong>Thyle</strong></span> <span class='ocrx_word' id='word_1_180' title='bbox 580 2315 755 2381; x_wconf 89' lang='lat' dir='ltr'><strong>Belcarum</strong></span> <span class='ocrx_word' id='word_1_181' title='bbox 783 2317 875 2381; x_wconf 91' lang='lat' dir='ltr'><strong>litori</strong></span> <span class='ocrx_word' id='word_1_182' title='bbox 903 2315 1055 2399; x_wconf 88' lang='lat' dir='ltr'><strong>adposita</strong></span> <span class='ocrx_word' id='word_1_183' title='bbox 1082 2319 1143 2399; x_wconf 89' lang='lat' dir='ltr'><strong>est,</strong></span> 
     </span>
     <span class='ocr_line' id='line_1_25' title="bbox 124 2402 1143 2488; baseline 0 -19"><span class='ocrx_word' id='word_1_184' title='bbox 124 2403 221 2469; x_wconf 84' lang='lat' dir='ltr'><strong>Grais</strong></span> <span class='ocrx_word' id='word_1_185' title='bbox 249 2407 282 2468; x_wconf 92' lang='lat' dir='ltr'><strong>et</strong></span> <span class='ocrx_word' id='word_1_186' title='bbox 308 2402 431 2468; x_wconf 90' lang='lat' dir='ltr'><strong>nostris</strong></span> <span class='ocrx_word' id='word_1_187' title='bbox 459 2403 624 2468; x_wconf 89' lang='lat' dir='ltr'><strong>celebrata</strong></span> <span class='ocrx_word' id='word_1_188' title='bbox 650 2405 858 2470; x_wconf 86' lang='lat' dir='ltr'><strong>carminibus.</strong></span> <span class='ocrx_word' id='word_1_189' title='bbox 908 2404 943 2470; x_wconf 91' lang='lat' dir='ltr'><strong>in</strong></span> <span class='ocrx_word' id='word_1_190' title='bbox 970 2425 1023 2488; x_wconf 91' lang='lat' dir='ltr'><strong>ea,</strong></span> <span class='ocrx_word' id='word_1_191' title='bbox 1056 2403 1143 2488; x_wconf 89' lang='lat' dir='ltr'><strong>quod</strong></span> 
     </span>
     <span class='ocr_line' id='line_1_26' title="bbox 123 2492 1181 2579; baseline -0.001 -22"><span class='ocrx_word' id='word_1_192' title='bbox 123 2492 170 2557; x_wconf 91' lang='lat' dir='ltr'><strong>ibi</strong></span> <span class='ocrx_word' id='word_1_193' title='bbox 194 2492 243 2558; x_wconf 91' lang='lat' dir='ltr'><strong>sol</strong></span> <span class='ocrx_word' id='word_1_194' title='bbox 266 2492 362 2576; x_wconf 90' lang='lat' dir='ltr'><strong>longe</strong></span> <span class='ocrx_word' id='word_1_195' title='bbox 387 2513 557 2557; x_wconf 90' lang='lat' dir='ltr'><strong>occasurus</strong></span> <span class='ocrx_word' id='word_1_196' title='bbox 581 2494 736 2578; x_wconf 87' lang='lat' dir='ltr'><strong>exsurgit,</strong></span> <span class='ocrx_word' id='word_1_197' title='bbox 758 2494 872 2558; x_wconf 88' lang='lat' dir='ltr'><strong>breves</strong></span> <span class='ocrx_word' id='word_1_198' title='bbox 896 2493 1007 2579; x_wconf 89' lang='lat' dir='ltr'><strong>utique</strong></span> <span class='ocrx_word' id='word_1_199' title='bbox 1029 2497 1144 2558; x_wconf 88' lang='lat' dir='ltr'><strong>noctes</strong></span> <span class='ocrx_word' id='word_1_200' title='bbox 1158 2513 1181 2556; x_wconf 84' lang='grc'><strong>5</strong></span> 
     </span>
    </p>
   </div>
   <div class='ocr_carea' id='block_1_4' title="bbox 120 2699 1146 3555">
    <p class='ocr_par' dir='ltr' id='par_1_4' title="bbox 120 2699 1146 3268">
     <span class='ocr_line' id='line_1_27' title="bbox 198 2699 1088 2759; baseline 0 -4"><span class='ocrx_word' id='word_1_201' title='bbox 198 2708 221 2756; x_wconf 94' lang='lat'><strong>1.</strong></span> <span class='ocrx_word' id='word_1_202' title='bbox 237 2699 340 2756; x_wconf 88' lang='lat' dir='ltr'><strong>armati</strong></span> <span class='ocrx_word' id='word_1_203' title='bbox 353 2703 381 2756; x_wconf 98' lang='lat' dir='ltr'><strong><em>A</em></strong></span> <span class='ocrx_word' id='word_1_204' title='bbox 395 2699 510 2757; x_wconf 87' lang='lat' dir='ltr'><strong>armatis</strong></span> <span class='ocrx_word' id='word_1_205' title='bbox 528 2702 682 2759; x_wconf 69' lang='lat' dir='ltr'><strong>Pincianus</strong></span> <span class='ocrx_word' id='word_1_206' title='bbox 736 2709 761 2757; x_wconf 89' lang='lat'><strong>2.</strong></span> <span class='ocrx_word' id='word_1_207' title='bbox 776 2700 949 2758; x_wconf 89' lang='lat' dir='ltr'><strong>britanniam</strong></span> <span class='ocrx_word' id='word_1_208' title='bbox 963 2702 1005 2757; x_wconf 90' lang='lat' dir='ltr'><strong><em>A¹</em></strong></span> <span class='ocrx_word' id='word_1_209' title='bbox 1019 2718 1088 2758; x_wconf 78' lang='lat' dir='ltr'><strong>corr¹</strong></span> 
     </span>
     <span class='ocr_line' id='line_1_28' title="bbox 126 2771 1145 2841; baseline 0.001 -15"><span class='ocrx_word' id='word_1_210' title='bbox 126 2779 150 2826; x_wconf 84' lang='lat'><strong>3.</strong></span> <span class='ocrx_word' id='word_1_211' title='bbox 170 2771 298 2840; x_wconf 83' lang='lat' dir='ltr'><strong>aequalis</strong></span> <span class='ocrx_word' id='word_1_212' title='bbox 312 2773 340 2826; x_wconf 95' lang='lat' dir='ltr'><strong><em>A</em></strong></span> <span class='ocrx_word' id='word_1_213' title='bbox 354 2774 465 2841; x_wconf 87' lang='lat' dir='ltr'><strong>aequali</strong></span> <span class='ocrx_word' id='word_1_214' title='bbox 479 2791 499 2828; x_wconf 78' lang='lat' dir='ltr'><strong>rc</strong></span> <span class='ocrx_word' id='word_1_215' title='bbox 571 2781 596 2829; x_wconf 86' lang='lat'><strong>4.</strong></span> <span class='ocrx_word' id='word_1_216' title='bbox 617 2779 641 2829; x_wconf 81' lang='grc'><strong>1.</strong></span> <span class='ocrx_word' id='word_1_217' title='bbox 661 2773 819 2828; x_wconf 86' lang='lat' dir='ltr'><strong>luxuriosae</strong></span> <span class='ocrx_word' id='word_1_218' title='bbox 837 2774 939 2828; x_wconf 90' lang='lat' dir='ltr'><strong>herbas</strong></span> <span class='ocrx_word' id='word_1_219' title='bbox 953 2775 981 2828; x_wconf 98' lang='lat' dir='ltr'><strong><em>A</em></strong></span> <span class='ocrx_word' id='word_1_220' title='bbox 1000 2772 1145 2828; x_wconf 84' lang='lat' dir='ltr'><strong>luxuriosa</strong></span> 
     </span>
     <span class='ocr_line' id='line_1_29' title="bbox 124 2841 1144 2915; baseline 0.003 -20"><span class='ocrx_word' id='word_1_221' title='bbox 124 2841 258 2897; x_wconf 83' lang='lat' dir='ltr'><strong>berbisu</strong></span> <span class='ocrx_word' id='word_1_222' title='bbox 336 2851 360 2898; x_wconf 88' lang='grc'><strong>6.</strong></span> <span class='ocrx_word' id='word_1_223' title='bbox 383 2844 616 2913; x_wconf 88' lang='lat' dir='ltr'><strong>pecorumpleant</strong></span> <span class='ocrx_word' id='word_1_224' title='bbox 640 2845 682 2899; x_wconf 85' lang='lat' dir='ltr'><strong><em>A¹</em></strong></span> <span class='ocrx_word' id='word_1_225' title='bbox 708 2861 811 2914; x_wconf 89' lang='lat' dir='ltr'><strong>pecora</strong></span> <span class='ocrx_word' id='word_1_226' title='bbox 838 2845 977 2915; x_wconf 87' lang='lat' dir='ltr'><strong>impleant</strong></span> <span class='ocrx_word' id='word_1_227' title='bbox 1000 2845 1041 2900; x_wconf 74' lang='lat' dir='ltr'><strong><em>A’</em></strong></span> <span class='ocrx_word' id='word_1_228' title='bbox 1118 2850 1144 2899; x_wconf 80' lang='grc'><strong>1.</strong></span> 
     </span>
     <span class='ocr_line' id='line_1_30' title="bbox 120 2912 1146 2986; baseline 0 -18"><span class='ocrx_word' id='word_1_229' title='bbox 120 2919 185 2982; x_wconf 81' lang='lat' dir='ltr'><strong>post</strong></span> <span class='ocrx_word' id='word_1_230' title='bbox 203 2912 346 2967; x_wconf 85' lang='lat' dir='ltr'><strong>dissiliant</strong></span> <span class='ocrx_word' id='word_1_231' title='bbox 359 2916 537 2971; x_wconf 69' lang='lat' dir='ltr'><strong>interstitiis</strong></span> <span class='ocrx_word' id='word_1_232' title='bbox 550 2917 705 2985; x_wconf 71' lang='lat' dir='ltr'><strong>qaindecim</strong></span> <span class='ocrx_word' id='word_1_233' title='bbox 723 2918 878 2972; x_wconf 68' lang='lat' dir='ltr'><strong>litterariae</strong></span> <span class='ocrx_word' id='word_1_234' title='bbox 938 2921 964 2971; x_wconf 90' lang='lat'><strong>8.</strong></span> <span class='ocrx_word' id='word_1_235' title='bbox 974 2923 1039 2986; x_wconf 79' lang='lat' dir='ltr'><strong>post</strong></span> <span class='ocrx_word' id='word_1_236' title='bbox 1051 2914 1146 2986; x_wconf 87' lang='lat' dir='ltr'><strong>ignari</strong></span> 
     </span>
     <span class='ocr_line' id='line_1_31' title="bbox 125 2983 1144 3057; baseline 0.002 -19"><span class='ocrx_word' id='word_1_237' title='bbox 125 2985 190 3038; x_wconf 82' lang='lat' dir='ltr'><strong>add.</strong></span> <span class='ocrx_word' id='word_1_238' title='bbox 213 2983 304 3053; x_wconf 86' lang='lat' dir='ltr'><strong>magis</strong></span> <span class='ocrx_word' id='word_1_239' title='bbox 332 2985 484 3041; x_wconf 73' lang='lat' dir='ltr'><strong>Pincianus</strong></span> <span class='ocrx_word' id='word_1_240' title='bbox 565 2993 589 3041; x_wconf 84' lang='lat'><strong>2.</strong></span> <span class='ocrx_word' id='word_1_241' title='bbox 608 2993 673 3057; x_wconf 81' lang='lat' dir='ltr'><strong>post</strong></span> <span class='ocrx_word' id='word_1_242' title='bbox 695 2988 793 3056; x_wconf 87' lang='lat' dir='ltr'><strong>gentes</strong></span> <span class='ocrx_word' id='word_1_243' title='bbox 822 2988 886 3044; x_wconf 81' lang='lat' dir='ltr'><strong>add.</strong></span> <span class='ocrx_word' id='word_1_244' title='bbox 909 2988 938 3043; x_wconf 91' lang='lat' dir='ltr'><strong><em>A</em></strong></span> <span class='ocrx_word' id='word_1_245' title='bbox 965 2987 1144 3056; x_wconf 84' lang='lat' dir='ltr'><strong>aliquatenus</strong></span> 
     </span>
     <span class='ocr_line' id='line_1_32' title="bbox 126 3054 1145 3132; baseline 0.003 -25"><span class='ocrx_word' id='word_1_246' title='bbox 126 3054 222 3109; x_wconf 88' lang='lat' dir='ltr'><strong>tamen</strong></span> <span class='ocrx_word' id='word_1_247' title='bbox 236 3054 317 3124; x_wconf 89' lang='lat' dir='ltr'><strong>gnari</strong></span> <span class='ocrx_word' id='word_1_248' title='bbox 329 3059 441 3112; x_wconf 84' lang='lat' dir='ltr'><strong>removit</strong></span> <span class='ocrx_word' id='word_1_249' title='bbox 458 3057 570 3112; x_wconf 79' lang='lat' dir='ltr'><strong>Vossius</strong></span> <span class='ocrx_word' id='word_1_250' title='bbox 642 3064 683 3112; x_wconf 90' lang='lat'><strong>10.</strong></span> <span class='ocrx_word' id='word_1_251' title='bbox 699 3058 835 3113; x_wconf 85' lang='lat' dir='ltr'><strong>orchades</strong></span> <span class='ocrx_word' id='word_1_252' title='bbox 849 3059 878 3114; x_wconf 94' lang='lat' dir='ltr'><strong><em>A</em></strong></span> <span class='ocrx_word' id='word_1_253' title='bbox 952 3065 993 3112; x_wconf 90' lang='lat'><strong>12.</strong></span> <span class='ocrx_word' id='word_1_254' title='bbox 1008 3059 1064 3132; x_wconf 86' lang='lat' dir='ltr'><strong>(ex</strong></span> <span class='ocrx_word' id='word_1_255' title='bbox 1086 3056 1145 3128; x_wconf 89' lang='lat' dir='ltr'><strong>iis&gt;</strong></span> 
     </span>
     <span class='ocr_line' id='line_1_33' title="bbox 125 3124 1094 3200; baseline 0.005 -21"><span class='ocrx_word' id='word_1_256' title='bbox 125 3126 168 3179; x_wconf 62' lang='grc' dir='ltr'><strong>ΑΒ</strong></span> <span class='ocrx_word' id='word_1_257' title='bbox 186 3124 289 3180; x_wconf 87' lang='lat' dir='ltr'><strong>eximia</strong></span> <span class='ocrx_word' id='word_1_258' title='bbox 306 3129 405 3197; x_wconf 71' lang='lat' dir='ltr'><strong>scripsi</strong></span> <span class='ocrx_word' id='word_1_259' title='bbox 458 3127 656 3200; x_wconf 72' lang='lat' dir='ltr'><strong>codannovials</strong></span> <span class='ocrx_word' id='word_1_260' title='bbox 672 3129 700 3183; x_wconf 87' lang='lat' dir='ltr'><strong><em>A</em></strong></span> <span class='ocrx_word' id='word_1_261' title='bbox 719 3129 889 3184; x_wconf 83' lang='lat' dir='ltr'><strong>Scadinavia</strong></span> <span class='ocrx_word' id='word_1_262' title='bbox 909 3130 1094 3198; x_wconf 73' lang='grc' dir='ltr'>1115511551οῆ</span> 
     </span>
     <span class='ocr_line' id='line_1_34' title="bbox 128 3198 1145 3268; baseline 0.005 -17"><span class='ocrx_word' id='word_1_263' title='bbox 128 3203 169 3253; x_wconf 81' lang='lat'><strong>15.</strong></span> <span class='ocrx_word' id='word_1_264' title='bbox 194 3198 264 3266; x_wconf 91' lang='lat' dir='ltr'><strong>quot</strong></span> <span class='ocrx_word' id='word_1_265' title='bbox 276 3199 304 3251; x_wconf 90' lang='lat' dir='ltr'><strong><em>A</em></strong></span> <span class='ocrx_word' id='word_1_266' title='bbox 317 3199 393 3266; x_wconf 91' lang='lat' dir='ltr'><strong>quod</strong></span> <span class='ocrx_word' id='word_1_267' title='bbox 405 3215 426 3251; x_wconf 82' lang='grc'><strong>5</strong></span> <span class='ocrx_word' id='word_1_268' title='bbox 499 3205 540 3253; x_wconf 80' lang='grc'><strong>11.</strong></span> <span class='ocrx_word' id='word_1_269' title='bbox 557 3207 621 3268; x_wconf 80' lang='lat' dir='ltr'><strong>post</strong></span> <span class='ocrx_word' id='word_1_270' title='bbox 633 3200 709 3255; x_wconf 89' lang='lat' dir='ltr'><strong>terra</strong></span> <span class='ocrx_word' id='word_1_271' title='bbox 722 3202 900 3257; x_wconf 75' lang='lat' dir='ltr'><strong>interstitium</strong></span> <span class='ocrx_word' id='word_1_272' title='bbox 918 3207 976 3256; x_wconf 87' lang='grc'>5515</span> <span class='ocrx_word' id='word_1_273' title='bbox 991 3203 1145 3256; x_wconf 75' lang='lat' dir='ltr'><strong>litterarum</strong></span> 
     </span>
    </p>

    <p class='ocr_par' dir='ltr' id='par_1_5' title="bbox 127 3267 1144 3555">
     <span class='ocr_line' id='line_1_35' title="bbox 182 3267 1144 3328; baseline 0.002 -6"><span class='ocrx_word' id='word_1_274' title='bbox 182 3274 223 3322; x_wconf 87' lang='lat'><strong>18.</strong></span> <span class='ocrx_word' id='word_1_275' title='bbox 243 3284 344 3323; x_wconf 90' lang='lat' dir='ltr'><strong>oeneas</strong></span> <span class='ocrx_word' id='word_1_276' title='bbox 362 3271 390 3322; x_wconf 92' lang='lat' dir='ltr'><strong><em>A</em></strong></span> <span class='ocrx_word' id='word_1_277' title='bbox 409 3267 519 3324; x_wconf 88' lang='lat' dir='ltr'><strong>Oeonas</strong></span> <span class='ocrx_word' id='word_1_278' title='bbox 538 3271 667 3325; x_wconf 79' lang='lat' dir='ltr'><strong>Bursian</strong></span> <span class='ocrx_word' id='word_1_279' title='bbox 738 3279 780 3327; x_wconf 84' lang='lat'><strong>19.</strong></span> <span class='ocrx_word' id='word_1_280' title='bbox 800 3272 929 3328; x_wconf 86' lang='lat' dir='ltr'><strong>sannalos</strong></span> <span class='ocrx_word' id='word_1_281' title='bbox 944 3273 972 3326; x_wconf 98' lang='lat' dir='ltr'><strong><em>A</em></strong></span> <span class='ocrx_word' id='word_1_282' title='bbox 990 3270 1144 3326; x_wconf 89' lang='lat' dir='ltr'><strong>Panuatios</strong></span> 
     </span>
     <span class='ocr_line' id='line_1_36' title="bbox 127 3339 1143 3412; baseline 0.004 -20"><span class='ocrx_word' id='word_1_283' title='bbox 127 3339 254 3395; x_wconf 72' lang='lat' dir='ltr'><strong>Bursian</strong></span> <span class='ocrx_word' id='word_1_284' title='bbox 302 3345 345 3394; x_wconf 91' lang='lat'><strong>21.</strong></span> <span class='ocrx_word' id='word_1_285' title='bbox 360 3339 437 3394; x_wconf 88' lang='lat' dir='ltr'><strong>vecti</strong></span> <span class='ocrx_word' id='word_1_286' title='bbox 451 3342 478 3392; x_wconf 90' lang='lat' dir='ltr'><strong><em>A</em></strong></span> <span class='ocrx_word' id='word_1_287' title='bbox 492 3343 572 3396; x_wconf 83' lang='lat' dir='ltr'><strong>veste</strong></span> <span class='ocrx_word' id='word_1_288' title='bbox 589 3341 735 3398; x_wconf 77' lang='lat' dir='ltr'><strong>Vedianas</strong></span> <span class='ocrx_word' id='word_1_289' title='bbox 789 3349 831 3398; x_wconf 89' lang='lat'><strong>22.</strong></span> <span class='ocrx_word' id='word_1_290' title='bbox 848 3344 923 3412; x_wconf 90' lang='lat' dir='ltr'><strong>apud</strong></span> <span class='ocrx_word' id='word_1_291' title='bbox 936 3349 1000 3398; x_wconf 76' lang='lat' dir='ltr'><strong>aute</strong></span> <span class='ocrx_word' id='word_1_292' title='bbox 1014 3344 1143 3398; x_wconf 87' lang='lat' dir='ltr'><strong>auctores</strong></span> 
     </span>
     <span class='ocr_line' id='line_1_37' title="bbox 128 3410 1059 3469; baseline 0.004 -5"><span class='ocrx_word' id='word_1_293' title='bbox 128 3413 191 3466; x_wconf 82' lang='lat' dir='ltr'><strong>add.</strong></span> <span class='ocrx_word' id='word_1_294' title='bbox 223 3410 335 3465; x_wconf 75' lang='lat' dir='ltr'><strong>(lartius</strong></span> <span class='ocrx_word' id='word_1_295' title='bbox 367 3411 545 3466; x_wconf 80' lang='lat' dir='ltr'><strong>Wachsmutb</strong></span> <span class='ocrx_word' id='word_1_296' title='bbox 630 3419 672 3469; x_wconf 82' lang='lat'><strong>23.</strong></span> <span class='ocrx_word' id='word_1_297' title='bbox 702 3413 817 3468; x_wconf 87' lang='lat' dir='ltr'><strong>invente</strong></span> <span class='ocrx_word' id='word_1_298' title='bbox 845 3416 873 3468; x_wconf 92' lang='lat' dir='ltr'><strong><em>A</em></strong></span> <span class='ocrx_word' id='word_1_299' title='bbox 900 3415 1013 3469; x_wconf 90' lang='lat' dir='ltr'><strong>invenio</strong></span> <span class='ocrx_word' id='word_1_300' title='bbox 1041 3431 1059 3468; x_wconf 86' lang='grc'><strong>5</strong></span> 
     </span>
     <span class='ocr_line' id='line_1_38' title="bbox 127 3480 1144 3555; baseline 0.004 -21"><span class='ocrx_word' id='word_1_301' title='bbox 127 3480 273 3551; x_wconf 83' lang='lat' dir='ltr'><strong>belgarum</strong></span> <span class='ocrx_word' id='word_1_302' title='bbox 291 3483 318 3534; x_wconf 91' lang='lat' dir='ltr'><strong><em>A</em></strong></span> <span class='ocrx_word' id='word_1_303' title='bbox 336 3481 484 3537; x_wconf 86' lang='lat' dir='ltr'><strong>Belcarum</strong></span> <span class='ocrx_word' id='word_1_304' title='bbox 503 3482 635 3553; x_wconf 77' lang='lat' dir='ltr'><strong>Kuppiue</strong></span> <span class='ocrx_word' id='word_1_305' title='bbox 707 3492 748 3540; x_wconf 80' lang='grc'><strong>25.</strong></span> <span class='ocrx_word' id='word_1_306' title='bbox 770 3484 896 3554; x_wconf 84' lang='lat' dir='ltr'><strong>exsurgit</strong></span> <span class='ocrx_word' id='word_1_307' title='bbox 913 3486 955 3540; x_wconf 88' lang='lat' dir='ltr'><strong><em>A¹</em></strong></span> <span class='ocrx_word' id='word_1_308' title='bbox 972 3485 1084 3555; x_wconf 88' lang='lat' dir='ltr'><strong>exurgit</strong></span> <span class='ocrx_word' id='word_1_309' title='bbox 1101 3484 1144 3539; x_wconf 90' lang='lat' dir='ltr'><strong><em>A¹</em></strong></span> 
     </span>
    </p>
   </div>
   <div class='ocr_carea' id='block_1_5' title="bbox 0 0 1200 3930">
    <p class='ocr_par' dir='ltr' id='par_1_6' title="bbox 0 0 1200 3930">
     <span class='ocr_line' id='line_1_39' title="bbox 0 0 1200 3930; baseline 0 0"><span class='ocrx_word' id='word_1_310' title='bbox 0 0 1200 3930; x_wconf 95' lang='lat' dir='ltr'><strong> </strong></span> 
     </span>
    </p>
   </div>
  </div>
 </body>
</html>
