2378 3930
96 189 116 253 8
454 183 599 240 MINUOII
617 183 756 241 sauleis

45 349 79 398 ra
98 332 189 397 cites.
235 331 321 413 quod
345 330 373 394 si
396 330 535 395 mundus
559 329 669 394 diuina
692 328 900 413 prouidentia
923 332 958 394 et
980 330 1111 396 alicuius

97 419 239 485 numinis
255 419 449 484 auctoritate
463 423 638 504 regeretur,
651 440 828 502 numquam
841 424 1025 485 mereretur
1034 418 1111 484 Pha·

96 509 174 574 laris
198 511 231 573 et
253 506 432 592 Dionysius
455 529 607 593 regnum,
629 529 808 592 numquam
830 506 976 572 Rutilius
1001 511 1037 573 ct
1058 507 1112 574 Ca-

44 613 78 663 13
97 597 207 662 millua
232 595 372 680 exilium,
394 618 573 681 numquam
592 594 743 660 Socrates
764 616 937 661 uenenum.
975 618 1050 662 ecce
1069 620 1112 662 ar·

97 686 195 751 busta
222 684 393 769 frugifera,
422 706 494 750 ecce
516 685 583 749 iam
607 706 689 749 cana
713 704 819 769 seges,
845 685 912 749 iam
936 686 1141 751 temulentae

96 775 260 840 uindemia
282 773 380 838 imbri
403 774 635 858 corrumpitur,
660 773 816 858 grandine
840 773 999 839 caeditur.
1039 774 1112 840 adeo

96 866 153 928 aut
186 867 273 928 certa
304 862 399 928 nobis
432 863 553 927 uentos
586 863 767 926 occultatur
799 863 832 925 et
861 862 1027 944 premitur
1055 868 1113 946 aut,

98 953 183 1036 quod
211 952 317 1036 magis
342 951 535 1016 credendum
559 953 622 1034 est,
650 950 806 1015 uariis-et
827 950 965 1015 lubricis
988 953 1112 1016 casibus

58 1039 80 1103 c
98 1042 206 1106 soluta
227 1039 357 1122 legibus
379 1039 511 1105 fortuna
529 1039 726 1104 dominatur.
763 1060 837 1103 cum
854 1039 960 1122 igitur
978 1044 1039 1104 aut
1056 1040 1112 1105 for·

96 1132 178 1193 tuna
200 1130 325 1194 incerta
347 1133 404 1194 aut
425 1129 550 1193 incerta
572 1133 690 1193 natura
714 1127 771 1213 sit,
799 1131 923 1212 quanto
949 1129 1139 1194 uenerabi-rr

97 1219 162 1282 lius
190 1240 227 1282 ac
255 1217 386 1300 melius,
417 1217 574 1302 ancipites
602 1215 752 1281 ueritatis
780 1216 944 1280 maiorum
972 1218 1112 1301 excipere

97 1306 316 1389 disciplinam,
348 1305 523 1391 religiones
550 1305 689 1370 badius
717 1305 836 1389 colere,
866 1305 959 1388 deos,
988 1327 1112 1389 quosa

97 1393 287 1476 parentibus
307 1397 382 1457 ante
400 1394 532 1459 inbutus
552 1416 586 1459 es
605 1394 729 1478 timere,
748 1394 883 1459 adorare
902 1415 1004 1477 quam
1023 1416 1112 1460 nosse

97 1482 305 1565 familiarius,
331 1502 392 1546 nec
419 1482 458 1547 de
485 1483 672 1548 numinibus
702 1482 788 1548 ferre
816 1482 1032 1565 sententiam,
1063 1483 1111 1548 sed

98 1571 259 1654 prioribus
292 1570 433 1650 credere,
467 1571 522 1655 qui
554 1571 659 1636 adhuc
690 1571 763 1636 rudi
791 1571 921 1636 saeculo
950 1571 987 1634 in
1015 1572 1138 1656 ipsiusu

100 1661 206 1726 cultus
233 1660 400 1724 natalibus
423 1663 611 1724 meruerunt
633 1659 709 1724 deos
732 1661 785 1724 uel
807 1660 895 1725 ciues
917 1659 1044 1726 habere
1067 1661 1111 1726 uel

100 1749 216 1834 reges?
252 1747 327 1812 inde
365 1748 445 1813 adeo
481 1769 540 1831 per
577 1747 728 1812 uniuersa
759 1748 898 1831 imperia
929 1750 1111 1832 prouincias

99 1838 232 1992 iiidie
248 1837 355 1990 iii?
355 1837 1111 2010 2²31still?0ttss⁰ttilltiz¹¹isszll‚

99 2015 248 2100 Phrygas
271 2013 425 2098 Matrem,
447 2013 644 2097 Epidaurios
666 2013 908 2096 Aesculapium,
932 2013 1140 2081 Chaldaeosa

99 2104 224 2183 Belum,
248 2104 403 2167 Astarten
427 2101 535 2187 Syros,
557 2101 698 2167 Dianam
725 2102 871 2181 Taurios,
896 2101 1011 2168 Gallos
1035 2104 1110 2169 Mer-

67 2194 239 2258 acurium.
276 2192 401 2256 intuere
424 2192 491 2256 iam
510 2191 683 2258 Romanos.
719 2192 766 2256 sic
785 2212 896 2255 eorum
915 2195 1066 2274 potestas
1084 2198 1111 2257 et

103 2282 280 2346 auctoritas
308 2281 410 2344 totius
439 2281 527 2344 orbis
552 2281 710 2345 ambitum
733 2280 918 2363 occupauit,
946 2282 994 2346 sic
1017 2283 1111 2368 impe-

100 2372 185 2435 rium
217 2389 311 2432 suum
338 2368 426 2432 ultra
454 2368 535 2432 solis
563 2369 634 2433 uias
665 2371 697 2432 et
723 2368 824 2451 ipsius
854 2371 966 2435 oceani
994 2371 1110 2436 limites

99 2457 311 2542 propagauit,
340 2456 416 2520 dum
444 2461 593 2521 exercent
620 2458 655 2522 in
683 2457 780 2522 armis
809 2458 964 2524 uirtutem
986 2461 1140 2546 religio-c

172 2621 188 2669 3
208 2612 344 2668 dionisius
357 2618 377 2664 P
390 2614 429 2682 1Ιὸ
450 2627 530 2682 seges
549 2628 620 2666 cana
632 2618 661 2680 P,
678 2615 786 2669 traiecit
800 2615 985 2669 Heumuunus
998 2618 1009 2683 ΙΙ
1024 2623 1040 2671 6
1055 2622 1112 2671 arde

100 2684 185 2740 imbri
203 2687 252 2741 boc
270 2686 326 2752 fere
344 2682 439 2738 nimbo
458 2682 650 2752 percelluntur
668 2685 837 2740 intercidisse
850 2688 1025 2754 putauerim,
1046 2688 1112 2757 quod

101 2773 184 2824 aeque
201 2761 298 2825 spectet
317 2757 354 2810 ud
372 2756 487 2810 arbusta
505 2754 642 2824 frugifera
659 2772 741 2824 quam
758 2755 842 2809 imbri
861 2771 930 2810 corr.
951 2758 989 2811 ad
1007 2765 1113 2827 seqetern

101 2842 199 2880 cauam
214 2826 349 2895 etgrand.
365 2827 441 2880 caed.
453 2827 490 2881 ud
505 2827 676 2880 terrulentum
690 2828 858 2881 scindentium
872 2827 881 2896 ΙΙ
897 2833 911 2880 7
926 2829 1004 2882 certa
1018 2829 1113 2898 scripsi

102 2897 148 2965 (cf.
159 2914 279 2966 suprop.
290 2896 393 2966 XXII):
404 2896 555 2967 incertaPtl
563 2905 587 2965 9,
600 2902 632 2951 10
641 2897 756 2952 fortuna
763 2898 871 2953 incerta
879 2899 992 2968 scripsi:
1003 2900 1113 2955 fortuna

102 2970 179 3020 certa
197 2969 239 3036 ΡΙΙ
256 2972 286 3019 11
307 2968 444 3036 ancipites
468 2968 614 3023 Useuerus:
634 2968 775 3024 antistites
790 2973 833 3039 Pi
850 2976 881 3024 13
901 2969 1034 3024 estimere
1055 2974 1065 3040 (
1083 2972 1112 3023 st.

101 3055 135 3092 ru.
151 3039 182 3106 2)
198 3054 282 3106 quam
297 3055 378 3092 nosse
392 3037 559 3092 familiarius
574 3039 690 3093 adorare
704 3045 732 3106 P,
747 3043 844 3095 traieci
857 3042 954 3109 (supra
966 3058 995 3107 p.
1010 2988 1114 3109 xxilut

104 3113 137 3162 16
162 3107 254 3162 cultus
277 3110 389 3176 scripsi:
412 3111 569 3163 mundusP
591 3127 625 3164 ru.
649 3115 680 3177 1,
704 3111 801 3164 mundi
819 3128 901 3177 corr,
924 3113 1009 3180 reutqo
1029 3114 1114 3181 inepte

103 3182 168 3249 (quo
190 3183 298 3234 seruato
322 3178 391 3247 ipsis
410 3180 549 3249 Gelenius)
575 3184 579 3248 Ι
605 3181 681 3234 ciues
700 3182 895 3236 Heumuurius:
918 3181 1017 3236 faciles
1036 3189 1056 3235 P
1077 3183 1113 3237 fa·

102 3252 194 3306 mulos
217 3250 350 3304 Useuerus
368 3250 377 3317 ΙΙ
398 3255 430 3303 18
450 3250 534 3320 opida
551 3253 594 3321 Pit
616 3260 647 3305 19
667 3253 698 3305 ut
716 3253 756 3307 ed.
771 3269 832 3320 pr:
851 3256 880 3306 et
896 3257 989 3321 21120
1008 3255 1113 3309 escula·

103 3323 181 3392 pium
201 3321 331 3376 chaldeos
345 3325 365 3371 P
378 3322 388 3389 ΙΙ
402 3327 435 3374 22
456 3320 563 3376 intuere
578 3322 634 3376 iam
649 3324 749 3390 scripsi
763 3325 860 3391 (supra
873 3338 903 3391 p.
920 3322 1037 3392 XXIID:
1056 3324 1114 3378 uni-

103 3411 214 3448 uersam
234 3394 273 3460 (m
292 3392 381 3461 craso)
400 3393 443 3459 ΡΙΙ
463 3398 496 3446 23
516 3393 639 3447 ambitus
656 3398 685 3460 P,
704 3410 772 3448 corr.
791 3393 924 3448 Halmius
938 3396 996 3464 1125
1014 3413 1114 3466 propa·

96 3467 205 3536 gerunt
226 3465 425 3530 Heumuruius,
452 3468 520 3517 recte
542 3469 574 3518 ut
600 3469 682 3532 puto,
707 3465 764 3517 uisi
789 3466 882 3530 potius
904 3466 945 3518 sic
967 3467 1114 3533 imperium

91 3540 164 3608 (scil,
186 3540 297 3612 eorum)
318 3538 387 3596 lines
408 3533 487 3592 ultra
508 3579 513 3590 .
531 3579 536 3590 .
554 3580 560 3591 .
579 3533 756 3606 propagauit
771 3538 905 3599 praestat.
