2378 3930
183 192 245 257 140
446 214 614 267 exercuere
630 216 672 256 nx
692 158 834 257 1sm0a0.
1017 188 1091 279 [1³9]

246 346 295 409 11.
318 348 385 409 llna
409 354 527 408 centum
550 347 680 425 dragmis
705 346 892 427 appenditur.

246 446 295 510 12.
318 450 401 510 quta
434 451 578 509 rationem
612 456 710 510 autem
739 448 906 528 ponderum
934 447 1010 509 nihil
1037 448 1094 510 cal·

181 549 247 611 culo
275 553 372 611 minus
400 558 449 611 aut
476 550 586 611 talento
609 553 703 611 maius
727 561 778 612 est.
824 551 933 611 etenim
956 550 980 611 L
1003 548 1095 613 librae

181 651 323 713 talentum
346 653 499 713 minimum
523 659 575 721 est,
599 653 675 713 LXX
690 652 764 713 duae
787 651 880 713 librae
901 653 1034 714 medium
1053 660 1094 713 ta·

147 752 309 823 5lentum,
334 753 406 814 cxx
431 753 523 814 librae
545 756 707 815 maximum
728 753 870 815 talentum
893 761 947 815 est.

246 854 295 917 13.
320 857 513 916 Centenarius
543 862 642 916 autem
670 856 776 916 dicitur
807 875 841 916 eo
871 856 950 934 quod
975 864 1093 917 centum

181 959 263 1020 libris
287 965 409 1019 constet.

603 1124 672 1188 139.

389 1228 438 1276 nm
457 1228 642 1278 clausurus
660 1229 699 1278 ru
717 1228 891 1290 scomma.

133 1341 162 1388 10
246 1329 502 1390 mensurarum
532 1331 560 1389 in
590 1328 708 1407 liquidis
736 1329 852 1391 coclear
880 1339 923 1391 est
951 1348 1020 1408 pars
1042 1332 1095 1391 mi·

181 1432 274 1500 nima,
303 1432 362 1509 qui,
378 1430 468 1491 habet
491 1430 639 1491 dimidiam
663 1431 830 1509 dragmam,
860 1433 890 1492 id
913 1440 958 1493 est
981 1435 1094 1513 scripu·

180 1533 241 1593 lum
265 1541 294 1593 et
316 1530 447 1593 obolum.

243 1631 273 1694 2.
298 1633 454 1696 Cocleares
477 1633 535 1694 duo
556 1635 691 1695 chemam
713 1635 834 1696 iaciunt.

244 1734 273 1797 3.
299 1735 453 1797 Cocleares
475 1735 514 1795 lll
538 1734 690 1796 conculam
713 1735 833 1796 iaciunt.

132 1847 161 1896 15
244 1834 275 1897 4.
300 1836 446 1898 Conculae
469 1837 544 1897 duae
567 1839 686 1915 cignum
709 1840 769 1898 sive
791 1838 927 1899 mistron.

243 1935 273 2000 ἵ).
299 1938 446 2000 Conculae
474 1957 525 1999 sex
556 1948 584 1999 et
613 1939 671 1999 duo
701 1938 860 2010 coclearia,
893 1958 968 2018 quae
992 1941 1093 2001 decem

181 2041 318 2120 dragmas
346 2041 526 2119 appendent,
558 2042 665 2102 ciatum
694 2042 817 2111 iaciunt,
849 2042 954 2102 additis
981 2041 1095 2103 duabus

181 2144 309 2221 dragmis
338 2142 515 2202 acitabulum
544 2142 707 2221 complent,
739 2143 846 2205 additis
874 2142 971 2204 adhuc
1000 2142 1095 2204 tribus

76 2224 81 2235 ⁵
181 2245 326 2319 dragmis,
352 2243 430 2321 quod
453 2251 522 2303 sunt
542 2244 602 2313 XV,
627 2243 775 2305 oxilalnm.

129 2355 162 2402 20
242 2341 271 2402 6.
295 2344 359 2402 Non
384 2343 512 2413 dubites
536 2345 613 2421 apud
637 2346 779 2423 qurosdam
803 2349 870 2406 clati
892 2366 998 2407 novem
1022 2349 1093 2408 emi·

180 2463 246 2505 nam
269 2445 369 2503 lacere
391 2445 539 2514 videntur,
569 2447 647 2522 qnod
670 2456 737 2506 sunt
760 2448 900 2526 dragmae
922 2449 986 2517 XC;
1017 2448 1093 2529 apud

180 2545 321 2626 quosdam
346 2563 415 2606 vero
438 2545 589 2606 acetabula
605 2555 752 2625 quattuor,
776 2551 854 2627 quod
870 2558 938 2609 sunt
954 2550 1092 2627 dragmae

179 2647 302 2708 XLl'lll.
354 2648 450 2707 emina
484 2656 581 2708 autem
615 2649 694 2708 iuxta
722 2651 865 2726 quosdam
893 2652 1033 2729 appendit
1060 2651 1093 2710 li·

180 2749 264 2810 laram
287 2767 384 2820 unam,
409 2750 485 2826 apud
510 2750 654 2826 quosdam
677 2768 747 2810 vero
763 2749 868 2811 libram
888 2761 916 2812 et
932 2752 1094 2813 dimidiam.

130 2856 163 2904 '25
246 2850 273 2911 7.
299 2850 439 2911 Similiter
462 2853 607 2912 sextarios
628 2851 760 2929 duplices
775 2853 988 2914 iudicaverunt.
1026 2872 1094 2914 narn

180 2950 227 3012 alii
261 2952 415 3013 voluerunt
448 2964 481 3014 ut
508 2956 652 3014 sextarius
679 2954 804 3014 (luorum
834 2960 911 3015 esset
939 2954 1094 3024 librarum,

180 3052 229 3112 alii
252 3072 321 3114 uero
343 3058 448 3115 trium:
477 3058 594 3134 utrique
619 3065 715 3116 tamen
738 3063 771 3115 ut
793 3055 868 3116 duae
891 3057 1007 3116 eminae
1030 3074 1094 3117 sex·

181 3156 286 3214 tarium
310 3156 442 3217 lacerent
465 3158 656 3218 diffinierunt.

242 3253 271 3316 8.
295 3257 347 3316 Est
367 3267 467 3318 autem
490 3261 635 3319 sextarius
657 3267 739 3320 sexta
760 3277 830 3338 pars
853 3260 967 3338 congii,
992 3261 1041 3338 qui
1064 3260 1094 3318 in

129 3364 162 3413 30
181 3357 283 3417 divinis
306 3359 462 3437 scripturis
485 3362 535 3420 hin
558 3359 723 3440 appellatur
745 3362 775 3420 in
797 3361 923 3441 liquidis.

243 3456 272 3521 9.
296 3459 386 3520 Ccnix
409 3469 507 3520 autern
531 3464 660 3540 quinque
681 3465 815 3521 sextariis
831 3462 1022 3539 adimpletur:
1048 3461 1094 3522 cui

163 3565 193 3624 si
214 3572 334 3629 sertum
359 3563 532 3638 addideris,
555 3564 589 3625 dt
614 3564 750 3640 congius.
