2378 3930
47 158 127 242 [tlt]
280 177 355 224 uocx
376 181 396 221 u
418 178 519 224 nusxo
542 180 582 223 un
604 180 718 225 necno.
924 160 965 227 'll

113 310 206 393 [144]
225 315 363 373 Maximam
382 314 495 375 multam
516 318 642 374 dixerunt
658 320 739 375 trium
760 318 864 377 millum
880 326 908 377 et
926 321 966 376 vi-

47 403 117 475 giuti
134 403 245 470 assium,
265 403 327 476 quia
346 419 400 459 non
421 399 520 458 licebat
540 403 677 477 quondam
692 403 817 477 pluribus
832 404 899 460 XXX
916 404 965 460 bo·

46 487 100 543 bus
118 494 146 541 et
161 486 265 543 duabus
284 486 378 543 ovibus
395 503 549 561 quenquam
565 486 692 559 multari,
717 488 964 563 aestimabaturque

47 571 99 627 bos
113 570 305 640 centussibus,
321 572 379 627 ovis
395 572 563 628 decussibus.

113 699 222 783 [157³]
251 701 362 764 Milium
391 704 508 781 quidam
537 712 642 782 putant
672 706 784 783 cepisse
813 721 920 765 nomen
947 718 998 766 at

47 804 175 864 maxima
197 802 405 865 'snummorum
427 823 540 865 summa
564 823 640 882 quae
663 813 707 866 est
728 802 819 866 mille.

113 902 221 985 [165⁵]
244 904 358 966 Nexum
375 912 427 975 est,
450 913 484 966 ut
498 907 539 966 ait
553 905 654 967 Gallus
668 905 775 979 Aelius,
799 906 963 984 quodcum·

46 1025 106 1085 que
128 1024 183 1086 per
204 1025 254 1067 aes
276 1015 304 1067 et
326 1006 431 1067 libram
455 1011 579 1084 geritur.

74 1144 78 1153 ·
112 1106 224 1188 [ibid]
248 1107 361 1169 Nexum
390 1127 440 1169 aes
468 1108 544 1187 apud
576 1108 712 1187 antiquos
734 1108 887 1171 dicebatur
910 1128 963 1190 pe·

46 1211 134 1269 cunia
158 1226 232 1287 quae
254 1226 308 1286 per
331 1227 438 1268 nexum
462 1208 619 1289 obligatur.
982 1224 1014 1274 10

112 1307 221 1390 [lt3b]
246 1308 432 1371 Nouuncium
455 1318 485 1371 et
504 1311 699 1372 sescunoiom
722 1311 806 1392 quod
819 1312 964 1393 moqislm‘

47 1410 107 1471 ludi
133 1410 281 1489 appellant
303 1413 456 1491 siguificat
476 1412 661 1474 dodrantem
683 1420 713 1475 et
735 1413 895 1474 dimidium
918 1422 960 1474 te·

46 1514 199 1581 runcium,
223 1514 302 1592 quod
326 1513 440 1592 singula
464 1515 623 1576 sescuncia
644 1514 739 1576 raucio
757 1522 787 1575 et
801 1514 961 1575 dimidium

44 1615 92 1674 sit.

111 1697 201 1779 [172]
219 1704 390 1760 Nonuucium
413 1713 440 1759 et
464 1707 615 1760 teruncium
637 1704 751 1775 dicitur,
773 1705 847 1778 quod
864 1721 961 1761 norem
981 1712 1013 1762 15

45 1804 185 1844 tincturum
202 1798 237 1843 Sll
253 1805 309 1843 stre
326 1798 414 1844 [rrum.

111 1883 221 1966 [173t]
246 1884 407 1945 Nummum
436 1903 475 1945 eo
497 1885 620 1945 Graeco
648 1886 830 1946 uomismote
859 1886 961 1946 emisti-

45 1996 127 2045 mant
153 1987 280 2059 dicturum
316 1987 456 2065 idemque
483 1985 574 2046 nobie
606 1986 690 2066 quod
717 1987 870 2066 νοῦμμον
897 1985 963 2046 illic

45 2086 158 2156 valere,
182 2090 248 2166 quia
269 2087 424 2165 pecuniae
444 2088 572 2147 montino
595 2104 616 2146 a
632 2084 748 2147 Siculis
771 2088 960 2165 occepimus,

47 2206 178 2267 quomrm
201 2189 257 2249 boc
280 2190 433 2267 proprium
458 2199 511 2251 est.
979 2196 1012 2244 20

112 2288 202 2370 [172]
221 2294 349 2349 Nummus
366 2312 398 2351 ex
412 2295 513 2351 Graeco
530 2296 690 2350 nomismate
706 2294 816 2351 dicitur.
969 2365 972 2373 Α

112 2387 222 2471 [2022]
247 2371 354 2453 (ilibus
377 2392 491 2453 duabus
514 2392 713 2455 multabantur
728 2391 806 2470 apud
823 2393 961 2470 antiquos

45 2495 76 2552 in
106 2494 268 2554 minoribus
297 2493 425 2565 delictis,
454 2502 487 2554 ut
517 2497 545 2554 in
567 2492 729 2555 maioribus
752 2491 831 2553 XXX
853 2490 957 2561 bobus,

44 2613 99 2655 nec
123 2594 202 2655 bunc
225 2594 300 2656 ultra
323 2613 479 2656 numerum
504 2594 664 2656 excedebat
678 2592 824 2661 multatim
853 2594 958 2673 quoad,

45 2704 236 2775 posteaquam
270 2715 339 2758 aere
367 2698 479 2775 signato
507 2699 548 2758 uti
577 2698 676 2756 civitas
704 2696 801 2772 coepit
835 2713 959 2774 pecora·
978 2702 1011 2750 ‘25

47 2816 104 2877 que
132 2795 291 2857 multaticia
320 2799 431 2859 incuria
457 2796 739 2875 corrumpebantur,
769 2794 848 2857 undo
871 2798 958 2858 etiam

43 2898 197 2977 peculatus
225 2901 338 2960 crimen
361 2902 498 2978 usurpari
521 2906 660 2978 coeptum
684 2904 741 2966 est,
773 2897 849 2959 lacta
872 2900 959 2959 aesti-

111 3120 136 3168 6.
156 3120 193 3167 ‘in
211 3121 267 3171 cod.
280 3122 446 3169 videturesse
459 3122 639 3168 nummatum'
653 3118 714 3168 Mue
784 3120 824 3171 13.
843 3132 957 3169 sescun-

44 3204 89 3251 cio
107 3203 182 3263 Mne,
201 3218 251 3253 sex
270 3240 276 3254 .
297 3244 303 3255 .
322 3244 328 3256 .
347 3206 404 3254 cod.
485 3205 524 3256 15.
542 3203 728 3253 Nonunctium
747 3206 775 3252 et
792 3205 958 3254 terunctium

45 3287 67 3336 G
137 3289 175 3338 tc.
194 3288 364 3338 unctiarixG
449 3290 490 3340 21.
510 3288 634 3353 grecoG
707 3289 749 3337 22.
768 3286 874 3338 duobus
891 3292 957 3341 coni.

43 3369 96 3421 Sca
113 3374 169 3425 coll.
189 3374 269 3424 Paulo
287 3391 309 3424 o.
329 3391 397 3426 ovem
421 3374 457 3437 [p.
478 3373 526 3423 195
545 3372 632 3436 Mue)‚·
657 3379 683 3421 ot
706 3372 775 3434 conf.
793 3372 865 3434 infru
882 3390 957 3437 pecu-

43 3457 109 3505 latus
212 3461 253 3512 23,
272 3460 349 3509 XXX
366 3459 452 3509 bobus
470 3474 539 3510 corr.
557 3457 633 3521 Moe,
655 3458 726 3509 amb.
745 3458 805 3511 cod.
823 3464 886 3507 teste
907 3458 958 3505 (lec

37 3540 79 3587 24.
101 3541 192 3602 quoad
209 3548 318 3597 correxi
334 3562 371 3598 ex
389 3546 463 3615 quod
