2378 3930
45 170 122 258 [tao]
302 191 469 233 uxcsorru
490 193 532 233 ox
553 191 693 234 1s1uoso.
900 170 959 235 141

110 323 160 390 10.
177 325 306 402 Congius
321 331 425 403 quater
440 326 547 385 missus
562 323 693 385 modium
709 324 846 403 complet.
873 344 962 405 quem

44 427 205 489 admodum
235 434 333 488 autem
362 425 399 488 de
428 428 570 495 sextario,
601 428 644 487 sic
666 434 695 486 ct
717 426 753 486 de
776 426 876 487 modio
899 427 963 487 aliis

44 528 156 609 placuit
183 528 248 589 XVI
275 528 410 588 sextariis
439 528 571 588 modium
599 527 730 606 impleri,
760 527 824 590 aliis
851 527 905 589 XX
934 538 963 591 et

45 629 176 702 duobus,
201 629 263 691 aliis
286 647 356 689 rero
378 628 493 690 XXllll.

112 730 161 792 11.
186 730 244 792 Sed
273 731 326 791 has
355 749 511 791 mensuras
540 731 576 791 ad
605 738 704 792 votum
727 732 896 810 principum
918 730 998 795 vela

46 835 177 894 iudicum
202 850 266 893 esse
289 832 548 910 deprehendimus.
586 831 673 892 nobis
694 841 792 894 autem
808 837 904 895 visum
921 842 964 894 est

46 937 140 1013 magis
168 935 326 994 convenire
348 933 514 1012 ponderum
538 934 659 1004 rationi,
689 951 724 994 eo
748 935 826 1013 quod
850 935 886 994 de
909 937 964 995 mi·

47 1038 135 1096 nimis
162 1053 256 1113 usque
284 1035 321 1094 ad
342 1036 454 1095 maiora
477 1034 637 1106 ducantur,
667 1043 699 1097 ut
721 1039 853 1116 primum
875 1037 965 1097 finem

47 1137 156 1199 habeat
184 1136 299 1197 modius
328 1138 358 1197 in
381 1137 544 1208 mensuris,
574 1139 650 1198 sicut
672 1137 747 1198 libra
769 1139 801 1197 in
824 1137 965 1218 ponderi-

48 1241 121 1308 bus;
156 1240 223 1318 quia
252 1238 328 1298 sicut
356 1247 512 1318 postquam
541 1241 572 1299 in
600 1239 783 1317 ponderibus
812 1239 964 1318 pensando
985 1253 1017 1301 10

47 1343 85 1402 ad
108 1340 213 1401 libram
235 1343 423 1417 pervcnitur,
447 1349 545 1401 cetera
569 1359 643 1419 quae
663 1345 776 1403 maiora
797 1350 866 1401 sunt
891 1359 965 1420 pon-

48 1444 120 1503 dera
144 1459 197 1519 per
219 1439 313 1501 librae
335 1441 608 1519 multiplicationem
630 1444 843 1522 ponderantur,
872 1444 915 1503 sic
938 1451 967 1503 ct

50 1547 81 1605 in
105 1543 252 1603 mensuris
275 1550 431 1620 postquam
454 1542 491 1602 ad
512 1543 644 1602 modium
660 1552 777 1604 ventum
797 1547 861 1615 erit,
886 1546 967 1622 quic·

48 1644 120 1723 quid
144 1642 271 1723 amplius
293 1644 526 1703 mensurandum
543 1650 595 1714 est,
620 1646 709 1705 modii
725 1646 966 1725 multiplicatione

48 1747 211 1824 peragitur.
256 1763 324 1804 naut
347 1763 434 1823 quem
459 1744 618 1804 admodum
641 1765 658 1805 a
680 1746 795 1808 calculo
818 1768 872 1826 per
895 1748 1018 1809 ubo-15

50 1847 94 1908 los
124 1865 158 1906 ac
187 1846 324 1924 dragmas
354 1854 512 1924 ceteraque
535 1847 665 1924 pondera
689 1849 724 1908 ad
747 1847 852 1908 libram
876 1867 968 1927 usque

49 1951 236 2029 pervenitur,
268 1950 311 2008 sic
339 1947 368 2006 iu
394 1949 542 2008 mensuris
565 1968 582 2008 a
604 1948 730 2009 cocleari
753 1968 808 2026 per
831 1949 968 2009 conculas

50 2057 150 2130 cyatos
182 2069 216 2109 ac
250 2051 394 2109 sextarios
426 2049 463 2108 ad
496 2049 628 2109 modium
656 2067 750 2127 usque
777 2051 967 2128 pertingitur.

51 2159 97 2212 est
119 2153 198 2211 enirn
220 2151 350 2220 modius,
380 2159 412 2210 ut
434 2151 619 2229 praedictum
642 2158 699 2221 est,
723 2155 802 2212 iuxta
826 2151 968 2229 quosdam

51 2255 249 2312 sextariorum
271 2252 349 2320 XVl,
380 2252 459 2313 iuxta
482 2253 624 2331 quosdam
648 2262 745 2315 autern
768 2254 821 2315 llll
845 2261 873 2314 et
896 2254 968 2313 duo·
987 2264 1021 2313 20

51 2372 128 2423 rurn,
152 2353 230 2433 apud
253 2355 396 2431 quosdam
418 2373 488 2415 vero
503 2355 618 2416 XXllll.
656 2356 742 2416 nobis
761 2373 832 2415 vero
854 2354 969 2415 ridetur·

53 2474 118 2515 csse
147 2457 358 2526 rectissimum,
388 2465 420 2515 ut
448 2458 538 2518 trium
564 2456 707 2518 librarum
729 2457 858 2517 sextario
881 2458 970 2517 uicies

51 2567 82 2617 et
104 2565 206 2634 quater
229 2557 424 2637 multiplicato
447 2559 563 2620 modius
585 2558 757 2636 impleatur;
782 2560 832 2636 qui
854 2558 971 2618 modius

52 2657 141 2717 medii
163 2658 266 2718 talenti
289 2657 422 2736 pondere
446 2668 640 2738 coaequatur,
669 2660 745 2720 LXX
770 2658 885 2720 duabus
908 2659 970 2720 clli-

51 2760 129 2818 citur
157 2757 257 2827 libris;
291 2762 352 2820 sive
374 2767 406 2819 ut
429 2762 558 2838 quinquo
580 2759 670 2820 libras
689 2760 803 2820 liabens
825 2761 971 2821 scutarius
989 2770 1021 2818 25

52 2857 186 2919 similiter
208 2861 297 2920 vicies
319 2868 349 2920 et
371 2870 476 2937 quater
496 2861 601 2921 ductus
616 2862 735 2922 maximi
749 2861 865 2938 talenti,
883 2862 912 2922 id
928 2870 972 2923 est

52 2960 129 3022 CXX
140 2959 301 3036 librarum⁷
316 2961 449 3038 pondere
466 2970 664 3022 mensuretur.

119 3058 168 3121 12.
192 3061 307 3122 llodius
331 3070 359 3121 et
381 3063 468 3121 semis
491 3081 596 3123 urnam
618 3065 739 3125 iaciunt.

119 3161 168 3224 13.
193 3162 333 3224 Similiter
356 3164 385 3223 in
409 3164 498 3224 aridis
519 3182 688 3225 mensuram
706 3184 780 3244 quae
796 3166 903 3227 dicitur
917 3166 971 3228 ha·

56 3272 126 3325 tum.
170 3264 258 3326 batus
286 3284 356 3326 uero
386 3272 500 3325 constat
521 3266 628 3326 modiis
652 3266 766 3329 duobus
788 3267 969 3347 totidemque
987 3274 1021 3323 30

56 3369 199 3426 sextariis.

57 3486 259 3496 ——-—‹

118 3553 157 3601 12.
176 3553 413 3618 multiplicatione
435 3556 458 3609 G
530 3560 573 3612 tt.
592 3558 759 3627 predictum
777 3558 798 3608 G
