2378 3930
363 175 635 233 0110110611111.
655 184 671 233 a
691 179 802 249 (o-m)
1047 179 1089 245 31

72 339 186 425 epulas
220 341 302 425 quot
338 339 474 425 quisque
506 339 708 406 interfecerit
745 340 927 409 laetissima
962 345 995 407 et
1029 341 1092 408 fre

71 427 288 514 quentissima
317 427 456 514 montio,
491 426 639 514 binisque
674 428 801 514 poculis
838 430 894 516 qui
929 431 1091 516 plurimos

70 515 230 582 rettulere
261 519 448 602 perpotant
497 517 526 582 is
558 517 644 583 inter
670 517 808 585 iocantis
836 518 941 585 honos
968 521 1091 603 praeci·

70 627 155 691 pnus
180 609 240 671 est
283 606 403 690 pocula
424 607 462 671 ut
483 603 668 673 Essedones
690 606 890 692 parentium,
912 606 962 674 ita
982 608 1090 673 inimi·

46 693 279 797 ocissimorum
297 693 459 779 capitibus
479 693 656 797 erpoliunt
689 694 774 779 apud
788 693 1090 783 Anthropophagos
1110 712 1145 762 14

70 783 1090 958 ttotnnpttbttttttffitttttffltt:

71 961 127 1046 qui
156 959 317 1046 eorporis,
344 981 379 1024 se
408 960 560 1044 capitum.
603 959 861 1027 Melanchlaenis
888 964 962 1028 atra
987 963 1090 1029 vestis

71 1052 105 1114 et
128 1069 168 1115 ex
192 1070 231 1113 ea
252 1069 385 1135 nomen,
411 1048 532 1116 Neuris
556 1052 677 1115 statum
709 1049 847 1135 singulis
874 1054 1004 1135 tempus
1031 1053 1090 1135 est,

34 1154 57 1194 10
70 1159 135 1223 quo
164 1137 192 1205 si
219 1136 323 1203 velint
349 1137 384 1203 in
412 1137 522 1222 inpos,
553 1138 735 1222 iterumque
762 1138 797 1204 in
830 1160 884 1205 eos
911 1140 967 1224 qui
999 1139 1090 1206 hiere

69 1229 248 1292 mutentur.
278 1224 368 1291 Mars
388 1226 533 1292 omnium
553 1226 647 1311 deus3
666 1227 774 1311 cipro
794 1227 977 1294 simulacris
996 1250 1089 1295 enses
1110 1242 1144 1293 15

71 1319 105 1380 et
124 1314 284 1380 cinctoria
300 1313 461 1398 dedicant,
478 1314 689 1401 hominesque
707 1337 768 1401 pro
787 1316 939 1382 victumis
957 1316 1089 1383 feriunt.

69 1408 179 1469 terrae
196 1403 263 1468 late
281 1405 406 1488 patent,
427 1407 460 1468 et
478 1402 520 1468 ob
540 1404 728 1469 excedentia
746 1404 835 1490 ripas
855 1426 929 1470 suas
948 1405 1088 1488 plerum·

70 1513 134 1578 que
157 1491 293 1557 flumina
319 1513 478 1576 nusquam
500 1513 569 1558 non
592 1493 632 1557 ad
655 1493 778 1576 pabula
799 1492 939 1577 fertiles,
967 1493 1089 1559 alicubi

33 1596 57 1636 1⁶
70 1601 173 1667 usque
197 1602 235 1646 eo
259 1580 389 1646 steriles
412 1581 452 1645 ad
476 1584 591 1665 cetera,
613 1584 651 1646 ut
674 1582 730 1664 qui
747 1581 900 1647 habitant
923 1580 1088 1667 lignorum

71 1671 206 1756 egentes
229 1668 323 1754 ignes
345 1668 474 1735 ossibus
498 1670 598 1735 alant

159 1756 222 1823 His
241 1757 382 1823 Thracia
404 1757 554 1842 proxima
577 1760 637 1842 est,
659 1780 760 1844 eaque
784 1758 952 1824 aPontici
973 1759 1088 1824 lateris
1107 1737 1143 1864 ΞΘ

69 1844 180 1912 fronte
207 1867 310 1931 usque
338 1846 373 1912 in
395 1844 528 1931 Illyrios
555 1846 686 1931 penitus
715 1848 864 1932 inmissa,
892 1870 957 1931 qua
983 1847 1089 1913 latera

70 1934 144 2022 agit
169 1933 285 2001 Histro
313 1935 495 2020 pelagoque
523 1935 732 2021 contingitur.
782 1936 874 2020 regio
906 1957 966 2000 nec
998 1935 1087 2000 caelo

32 2039 58 2081 w
69 2023 160 2090 laeta
176 2045 236 2090 nec
253 2022 334 2106 solo,
357 2028 391 2089 et
408 2023 474 2089 nisi
493 2045 558 2109 qua
575 2025 659 2088 mari
677 2024 812 2109 propior
830 2027 890 2107 est,
906 2023 1090 2108 infecunda,

69 2111 207 2198 frigida,
239 2133 414 2198 eorumque
442 2133 524 2196 quae
553 2114 705 2177 seruntur
736 2110 881 2195 maligne
914 2110 1088 2176 admodum

69 2199 216 2287 patiens,
241 2222 316 2267 raro
340 2222 476 2285 usquam
500 2199 691 2284 pomiferam
715 2200 879 2283 arborem,
902 2200 1002 2265 vitem
1025 2199 1088 2265 fre-

71 2289 226 2375 quentius
248 2289 381 2355 tolerat:
405 2289 462 2354 sed
479 2311 538 2354 neo
562 2289 631 2354 eius
650 2288 779 2374 quidem
800 2288 927 2354 fructus
945 2292 1089 2354 maturat

68 2399 110 2452 ,ac
142 2377 291 2464 mitigat,
326 2378 392 2444 nisi
423 2378 480 2443 ubi
512 2377 637 2463 frigora
669 2378 798 2444 obiectu
830 2376 995 2443 frondium
1023 2378 1089 2444 cul-

28 2482 57 2523 25
70 2472 160 2533 tores
184 2488 323 2533 arcuere.
368 2466 457 2532 viros
484 2466 657 2552 benignius
686 2467 761 2552 alit,
787 2488 854 2532 non
878 2466 920 2531 ad
947 2466 1088 2550 speciem

69 2559 201 2638 tamen,
236 2577 314 2621 nam
347 2560 382 2621 et
417 2554 485 2621 illis
521 2577 616 2639 asper
652 2559 748 2639 atque
785 2555 936 2620 indecens
975 2575 1088 2638 corpo·

68 2665 144 2709 rum
170 2642 303 2709 habitus
332 2647 394 2729 est,
425 2646 568 2709 ceterum
601 2644 643 2709 ad
665 2642 819 2710 ferociam
849 2646 882 2707 et
908 2663 1088 2726 numerum,

70 2736 110 2798 ut
144 2732 241 2797 multi
277 2732 484 2816 immitesque
522 2735 597 2797 sunt
633 2732 773 2797 maxime
809 2731 909 2796 ferax.
967 2752 1088 2815 paucos
1108 2746 1141 2797 17

70 2820 176 2887 amnis
208 2821 265 2905 qui
296 2821 330 2886 in
362 2820 498 2906 pelagus
531 2819 685 2906 evadunt,
715 2841 827 2886 verum
859 2819 1087 2886 celeberrimos

28 2923 56 2966 ³⁰
69 2907 216 2975 Hebrum
245 2912 279 2974 et
300 2908 428 2976 Neston
455 2914 485 2974 ef
506 2907 682 2993 Strymona
709 2908 840 2974 emittit.
885 2911 1014 2974 montes
1040 2907 1089 2973 in·

143 3108 167 3156 1.
183 3103 253 3170 quot
266 3100 307 3155 A¹
324 3116 394 3157 corr.
449 3099 624 3156 interfecerit
641 3099 745 3155 referre
763 3100 791 3156 A
810 3098 913 3155 referre
931 3100 1016 3155 delevi

69 3179 96 3228 3.
114 3173 268 3242 perpotant
280 3170 321 3225 A¹
339 3173 473 3243 perpotet
485 3171 527 3225 A’
581 3170 703 3226 locuntis
721 3170 749 3225 A
767 3170 888 3225 iocantis
906 3171 1008 3240 compet
1060 3176 1086 3224 4.

68 3242 252 3316 poeulasslsA
318 3249 343 3300 t.
358 3243 434 3314 apud
447 3242 488 3297 A¹
502 3259 572 3299 corr.
637 3249 678 3298 11.
693 3241 833 3297 ctAeio
898 3247 939 3296 12.
955 3240 1089 3296 tinctoria

68 3314 98 3369 A
121 3312 258 3369 cinctoria
278 3331 299 3370 rc
372 3320 413 3369 17.
436 3330 471 3370 ea
494 3330 565 3383 quae
587 3314 616 3367 A
638 3329 766 3382 eaqueo
842 3316 884 3368 10.
907 3312 1037 3382 proprior
1059 3311 1087 3364 A

142 3392 185 3440 28.
203 3386 328 3441 tolerant
345 3384 373 3439 A
445 3391 488 3441 tt.
507 3401 623 3455 arguere
642 3383 670 3438 A
742 3389 784 3439 30.
803 3381 921 3438 hebrum
940 3387 969 3439 et
986 3383 1088 3437 neston

70 3458 215 3528 strymona
232 3456 259 3511 A
273 3455 397 3511 Hebrum
416 3458 446 3510 et
464 3454 572 3510 Neston
591 3457 621 3510 et
640 3454 824 3523 Strymonac
