2378 3930
350 205 519 260 uolumus
535 203 749 261 PRAEFATIO.
942 207 1062 263 XXXIII

46 355 216 420 adsumere
243 352 327 416 licet.
370 351 542 417 cohaerere
570 354 678 416 autem
703 349 842 436 ‘ignotis
868 351 1059 436 parentibus

46 439 207 527 proditus'
223 441 299 520 (hoc
318 445 368 505 est
383 437 526 526 ‘natus'),
545 440 686 504 ostendit
700 439 890 505 Lactantius
909 441 925 505 I
947 443 996 523 11,
1016 443 1060 508 55

46 533 160 614 ipuolis
176 530 361 612 percutitur
382 535 473 594 uetes
496 550 534 593 ex
557 529 627 593 loeo
651 533 764 593 nostro
783 531 1003 595 transcribens
1027 536 1060 596 et

46 622 92 685 ita
114 619 232 684 Koehii
255 617 462 702 Maehlyique
490 617 524 681 in
550 617 658 681 uerbis
687 617 751 681 illis
780 619 975 683 mutationes
999 620 1059 684 rei·

48 712 145 774 ciens.
185 706 300 792 quodsi
324 709 473 771 lacunam
498 711 652 789 apertam·
667 707 714 770 sie
737 707 901 790 explemus
924 712 961 771 ut
983 713 1061 791 post

46 795 217 882 ‘proditus'
244 795 400 860 addamus
424 797 503 859 duce
526 794 696 860 Lactantio
721 795 786 859 ‘uel
812 797 982 879 repentino
1006 797 1061 862 ad-

46 886 202 968 uenisset,
231 888 281 948 est
310 882 436 965 dictus',
464 885 530 948 iam
559 884 665 948 minus
689 883 751 948 erit
778 884 950 949 molestum
978 885 1061 951 illud

47 973 145 1059 ‘apud
173 972 296 1056 Italos’,
324 975 442 1058 quippe
471 972 555 1056 quod
584 973 624 1036 ad
652 976 825 1055 utrumque
853 975 946 1039 colon
974 996 1060 1039 nunc

69 1064 214 1128 attineat.

45 1087 66 1147 p
114 1174 139 1217 c.
159 1152 211 1233 25,
232 1153 250 1214 7
270 1150 485 1215 Romeuomm
507 1151 589 1214 euim
611 1150 793 1215 uerueculos
812 1149 881 1215 cleos
898 1153 1059 1217 mouimus:

46 1240 207 1318 Romulus,
227 1239 394 1305 Picus...
413 1260 451 1304 ue
470 1239 640 1304 Volumuus
657 1240 718 1316 elii;
745 1238 928 1304 Cloacinam
949 1240 1059 1307 Tutius

46 1334 75 1394 el
92 1331 213 1394 iuueuit
230 1335 259 1394 et
275 1329 369 1393 coluit
386 1351 452 1412 eqs.
471 1329 505 1391 in
525 1328 576 1392 his
596 1350 698 1412 neque
718 1328 794 1412 quid
813 1328 958 1394 additum
977 1329 1058 1395 illud

48 1417 115 1481 ‘dii'
146 1419 209 1481 sibi
237 1417 314 1480 uelit
343 1437 483 1500 agnosco
508 1420 540 1480 et
563 1423 696 1499 propter
719 1418 921 1500 sequentium
945 1439 1058 1502 regum

46 1506 245 1569 mentionem
278 1505 344 1567 Pici
376 1514 620 1588 ceterorumque
652 1526 752 1586 usque
786 1505 827 1569 ad
859 1505 1058 1571 Volumnum

47 1594 181 1657 deorum
201 1593 369 1655 inuentum
384 1591 524 1656 Romulo
544 1592 683 1655 adscribi
702 1592 856 1674 desidero,
875 1615 948 1658 eum
967 1618 1085 1677 praa·-

48 1683 161 1746 sertim
180 1680 384 1765 Augustinus
404 1680 442 1762 de
462 1681 521 1744 oin.
540 1679 591 1743 dei
606 1679 653 1745 VI
672 1680 713 1743 10
731 1702 771 1742 ex
785 1678 925 1746 Senecae
945 1687 1059 1747 contra

47 1771 292 1854 superstitiones
311 1769 395 1832 libro
413 1768 494 1832 haee
512 1768 650 1833 adferat:
676 1768 863 1834 Cloacinam
883 1770 993 1834 Tutius
1010 1773 1058 1836 de·

46 1861 164 1925 dicauit
185 1861 287 1941 deum,
315 1857 426 1922 Picum
451 1858 687 1939 Tiberiumque
708 1857 875 1941 Romulae,
902 1859 1060 1926 Hostilius

47 1949 202 2014 Pauorem
233 1953 323 2028 atque
351 1946 517 2012 Pallorem
564 1968 660 2030 quem
687 1955 802 2010 eontra
830 1946 1059 2030 grauissimum

47 2044 221 2117 auctorem,
244 2036 377 2100 Minucii
401 2036 471 2099 sine
495 2035 594 2099 dubio
617 2035 740 2100 fontem
764 2033 814 2121 (ut
837 2035 902 2099 iam
923 2037 1060 2120 agnouit

47 2124 247 2189 Dombartus
276 2127 296 2188 l.
319 2126 340 2188 l.
362 2147 392 2208 p.
419 2124 504 2204 136),
531 2124 615 2188 nihil
639 2125 726 2188 ualet
747 2124 973 2189 testimonium
997 2123 1059 2208 (ly-

46 2214 166 2296 priani,
194 2215 250 2298 qui
278 2214 358 2278 haee
387 2214 500 2278 scribit
526 2213 547 2277 l.
571 2214 591 2278 l.
614 2213 649 2294 2,
673 2212 707 2278 5:
735 2213 952 2280 Romanorum
977 2215 1059 2278 euim

45 2304 227 2367 uuuueulos
245 2304 314 2367 deos
331 2304 485 2368 uom'mus.
514 2307 558 2366 est
570 2301 723 2368 Romulus
739 2303 914 2384 pamicula
927 2301 1059 2367 Proculo

46 2391 120 2455 dms
140 2392 243 2471 fectus
265 2396 294 2455 et
311 2390 408 2457 Picus
425 2397 453 2455 et
473 2392 637 2456 Tiberium
655 2396 684 2456 el
703 2391 868 2456 Pilumuus
886 2395 915 2455 et
932 2389 1059 2473 Oousus,

45 2499 133 2560 quem
148 2481 238 2544 alerem
248 2479 382 2563 fraudis,
401 2482 485 2545 uelut
500 2481 699 2546 cousiliouum
716 2482 815 2559 deum,
833 2481 892 2544 ccli
905 2479 1059 2546 Remulus

46 2569 153 2646 uoluit,
170 2574 335 2650 postquem
353 2571 388 2633 iu
405 2575 531 2650 replum
549 2569 740 2634 Salinarum
755 2569 891 2651 perfidie
907 2570 1059 2650 proueuit.

46 2657 136 2720 deam
167 2677 283 2737 quoque
310 2657 494 2722 Olceeiuam
526 2659 637 2727 Tutius
668 2659 791 2722 iuueuit
820 2660 850 2720 et
877 2657 972 2721 coluit
993 2678 1060 2740 eqs.

47 2743 128 2807 duos
148 2746 235 2808 enim
255 2745 343 2809 locos
362 2747 397 2810 in
410 2769 509 2809 unum
524 2746 676 2810 conflauit
690 2743 881 2828 Cyprianus,
901 2745 1058 2828 siquidem

47 2832 105 2896 illa
129 2831 191 2894 ‘est
214 2831 372 2897 Romulus
399 2834 581 2916 perierante
603 2834 740 2898 Proculo
764 2833 841 2897 deus
864 2832 982 2898 factus'
1005 2855 1059 2918 pe·

46 2922 110 2984 tita
134 2925 212 2984 sunt
235 2942 274 2986 ex
297 2944 321 2987 c.
346 2922 399 3003 21,
418 2923 452 3007 93
476 2927 590 2986 eontra
613 2944 694 3006 quae
718 2921 757 2985 de
781 2942 839 2987 suo
863 2921 980 2987 adiecit
1003 2923 1058 2988 ille

47 3007 154 3093 ‘quem
188 3009 282 3073 deum
309 3046 353 3056 -
381 3009 538 3074 Romulus
567 3009 693 3094 uoluit',
721 3010 895 3077 ostendunt
926 3033 999 3076 eum
1026 3016 1060 3076 et

35 3098 152 3188 ‘ipsum
169 3098 254 3182 apud
264 3098 438 3163 Minucium
454 3099 493 3163 de
507 3097 638 3164 Romuli
653 3100 806 3165 instituto
817 3101 871 3184 agi
885 3100 1058 3166 inuenisse.

46 3187 130 3251 unde
148 3209 208 3251 nec
224 3209 243 3251 a
259 3186 420 3272 Cypriane
440 3188 659 3252 emendationi
677 3193 808 3255 nostrae
823 3187 967 3254 ‘Romuli
981 3194 1058 3254 sunt

47 3273 143 3340 Picus
245 3298 282 3340 ac
305 3275 488 3342 Volumnus
512 3275 568 3340 dii'
593 3276 770 3362 quidquam
794 3278 912 3343 obstat.

114 3387 139 3429 c.
159 3366 212 3442 26,
234 3366 273 3430 11
298 3370 327 3430 et
348 3367 478 3450 eupeloa
500 3367 536 3431 id
557 3371 601 3431 est
622 3368 781 3432 miuislros
802 3371 832 3431 el
852 3367 987 3444 uuutios‚
1010 3366 1086 3430 dei·

46 3454 100 3517 secl
115 3456 229 3519 elueri
247 3457 369 3536 eiusque
386 3457 578 3520 ueueretioui
595 3457 684 3521 uouit
701 3457 861 3520 adsistere.
884 3454 1074 3543 ‘mammas

42 3544 217 3624 corruptis,
246 3565 329 3628 quae
360 3545 474 3632 qualia
503 3547 643 3614 exhibet
661 3542 821 3611 ruriam
837 3554 969 3602 mauu*
985 3548 1109 3609 &effi-‘³⁸

81 3652 211 3696 Mucius
225 3658 320 3714 Fran,
337 3663 376 3705 ed.
390 3665 562 3710 Baehrens.
942 3648 962 3682 ρ’
