2386 3960
119 187 160 251 18
475 183 621 240 MINUOII
638 183 776 240 FELICIS

117 336 202 416 tum,
224 353 291 397 non
314 330 400 415 quod
424 330 532 395 omnia
555 329 780 413 comperisset,
803 329 859 394 sed
881 328 968 413 quod
992 328 1078 394 nihil
1102 352 1136 395 se

119 421 199 487 seire
229 418 406 484 didicisset:
434 419 483 483 ita
509 418 676 484 confessae
703 417 876 502 inperitiae
906 439 1037 482 summa
1061 439 1136 502 pru·

82 527 98 576 3
119 509 229 575 dentia
247 511 305 573 est.
338 506 509 573 bestente
529 506 661 572 defluxit
673 506 839 572 Arcesilae
856 527 916 571 nec
934 506 1041 571 multo
1062 512 1138 591 post

119 597 293 665 Carneadis
321 601 350 662 ct
377 595 532 679 Pyrronis
559 599 592 659 at
618 595 885 660 Academicorum
917 596 1136 678 plurimorum

117 689 153 752 in
180 686 315 751 summis
344 684 590 769 quaestionibus
617 687 690 749 tuta
717 683 892 767 dubitatio,
922 706 1002 768 quo
1016 699 1171 769 genare⁵

118 773 343 860 philosophari
364 777 397 837 et
415 777 507 838 caute
526 772 650 838 indocti
668 776 806 855 possunt
825 775 859 837 et
877 772 964 837 docti
983 773 1137 858 gloriose.

84 864 209 948 aquid,
238 859 412 928 Simonidis
439 861 547 927 melici
573 882 682 928 nonne
711 860 899 926 admiranda
922 862 1077 927 omnibus
1105 864 1137 928 et

119 951 273 1018 sectanda
301 950 487 1017 cunetatio?
520 950 576 1034 qui
600 947 783 1015 Simonides
812 971 885 1015 cum
912 950 952 1014 de
978 971 1030 1033 eo,
1060 951 1136 1036 quid

119 1045 152 1105 et
175 1041 287 1125 quales
311 1040 525 1105 arbitraretur
548 1039 635 1122 deos,
658 1038 699 1103 ab
718 1037 862 1103 Hierone
881 1042 1136 1124 tyranuoquae

118 1133 251 1213 reretur,
278 1130 383 1213 primo
411 1127 639 1193 deliberationi
663 1127 747 1191 diem
769 1127 877 1211 petiit,
904 1128 1066 1210 postridie
1089 1128 1171 1193 bi-10

119 1218 218 1283 duum
240 1239 339 1302 porro
363 1217 505 1302 rogauit,
532 1239 609 1282 mox
632 1216 771 1281 alterum
793 1219 923 1281 tantum
947 1216 1134 1283 admonitus

119 1306 274 1372 adiunxit.
311 1309 475 1388 postremo
504 1326 578 1369 cum
606 1326 720 1370 causas
748 1308 862 1370 tantae
890 1326 1001 1370 morae
1023 1310 1134 1390 tyran·

119 1417 180 1460 nus
203 1394 390 1479 inquireret,
413 1393 580 1477 respondit
603 1393 669 1477 ille,
693 1393 779 1478 quod
802 1393 866 1458 sibi
888 1396 1014 1478 quanto
1033 1394 1135 1479 inqui·

120 1484 195 1549 sitio
222 1480 347 1547 tardior
374 1486 535 1566 pergeret,
567 1485 659 1547 tanto
687 1483 809 1563 ueritas
836 1482 929 1547 fieret
957 1483 1134 1549 obscurior.

84 1589 192 1640 amca
218 1592 347 1656 quoque
377 1571 526 1654 opinione
552 1593 635 1655 quae
663 1574 739 1635 sunt
765 1570 876 1654 dubia,
904 1574 942 1635 ut
967 1576 1059 1650 sunt,‘
1086 1585 1170 1647 re-1⁶‚

119 1660 295 1744 linquenda
319 1663 408 1744 sunt,
430 1680 490 1724 nec
512 1663 563 1724 tot
587 1681 624 1724 ac
647 1659 749 1724 tantis
772 1659 852 1725 uiris
876 1659 1135 1731 deliberantibus

118 1755 240 1815 temere
268 1753 301 1813 et
329 1749 494 1813 audaciter
521 1749 555 1812 in
583 1749 719 1812 alteram
751 1752 878 1832 partem
905 1749 1039 1814 ferenda
1067 1771 1135 1815 sen·

118 1839 221 1904 tentia
240 1841 298 1922 est,
316 1859 357 1901 ne
377 1841 434 1902 aut
452 1837 549 1901 anilis
567 1837 741 1902 inducatur
755 1837 943 1920 superstitio
958 1841 1017 1927 aut
1032 1839 1134 1904 omnis

119 1927 233 2011 religio
256 1924 461 1991 destruatur?

67 2015 112 2082 14
186 2013 239 2080 Sic
263 2013 423 2079 Caecilius
452 2018 485 2079 et
512 2014 662 2079 renidens
686 2012 778 2100 (nam
804 2014 1043 2099 indignationis
1067 2017 1134 2081 eius
1147 2031 1168 2070 ²⁰

118 2109 280 2169 tumorem
300 2105 420 2168 effusae
440 2103 596 2168 orationis
616 2105 758 2187 impetus
773 2102 992 2189 relaxauerat)
1008 2103 1134 2189 ‘ecquid

120 2195 160 2257 ad
187 2192 279 2257 haee’
304 2194 352 2257 ait
377 2191 485 2256 ‘audet
509 2191 677 2276 Octauius,
703 2194 802 2257 homo
823 2191 995 2256 Plautinae
1023 2215 1134 2277 prosa-

118 2283 206 2366 piae,
235 2285 271 2346 ut
298 2283 494 2346 disertorum
516 2282 721 2365 praecipuus,
750 2281 797 2344 ita
820 2286 1007 2364 postremus
1031 2283 1132 2367 philo-

84 2388 99 2436 2
119 2369 333 2453 sophorum?’
359 2369 487 2453 ‘parce’,
509 2371 653 2454 inquam,
677 2369 819 2435 ‘tibimet
839 2369 1008 2455 plaudere3
1030 2393 1133 2456 neque

120 2458 206 2523 enim
234 2458 325 2541 prius
353 2460 497 2522 exultare
525 2462 558 2523 te
587 2458 722 2544 dignum
750 2462 801 2523 est
824 2458 1046 2524 concinnitate
1071 2473 1165 2525 ser-2⁶

119 2547 225 2611 monis
241 2569 338 2631 quam
351 2547 515 2632 utrimque
530 2547 656 2630 plenius
671 2547 770 2612 fuerit
782 2552 980 2632 peroratum,
993 2550 1133 2614 maxime

120 2658 193 2700 cunr
220 2658 288 2701 non
314 2636 417 2720 laudi,
445 2641 495 2701 set
523 2636 653 2701 ueritati
681 2636 875 2720 disceptatio
903 2639 1015 2701 uestra
1044 2639 1132 2702 anni·

83 2728 217 2790 utatur.
257 2729 290 2790 et
319 2747 512 2810 quamquam
541 2745 696 2810 magnum
723 2726 756 2790 in
785 2724 917 2789 modum
945 2747 997 2790 me
1022 2726 1133 2791 subtili

191 2905 206 2952 2
227 2897 363 2954 confessio
382 2897 566 2968 Heumcriaus
585 2902 626 2969 (ot
643 2901 835 2968 interpretare:
859 2901 983 2967 confessu
1002 2903 1133 2970 inperitia

118 2988 251 3025 summum
269 2972 301 3024 iu
318 2987 346 3024 ae
364 2971 443 3025 babet
457 2972 647 3039 prudentiam)
662 2973 701 3039 113
721 2970 837 3025 arcesila
856 2976 876 3022 P
892 2973 896 3038 Ι
913 2988 964 3025 nec
989 2973 1133 3028 Useucrus:

119 3043 148 3096 et
161 3047 181 3093 P
194 3042 203 3110 ΙΙ
218 3047 235 3098 4
250 3041 394 3096 carneadis
409 3058 442 3096 ecc
456 3042 504 3094 -tis
519 3059 587 3097 corr.
602 3047 622 3093 P
639 3047 642 3108 Ι
659 3044 688 3096 et
700 3041 831 3110 Pyrronis
845 3043 910 3096 cdd.
922 3041 1063 3098 Votienus
1076 3044 1132 3098 coll.

118 3131 139 3168 e.
161 3117 203 3180 38,
224 3114 294 3182 ⁵l⁷
314 3112 464 3167 simonides
481 3113 585 3167 melchi
603 3119 623 3165 P
641 3116 680 3182 {18
700 3111 856 3167 Simonides
875 3114 945 3168 delet
969 3114 1109 3170 Wowerua
1125 3114 1134 3184 ll

119 3191 134 3238 9
150 3186 313 3252 quereretur
325 3182 365 3265 Pl]
375 3189 407 3237 10
417 3183 489 3251 petit
498 3184 647 3254 posttridie
658 3183 697 3255 Pl}
707 3190 748 3252 10,
761 3189 793 3238 11
803 3183 920 3237 biduum
930 3185 1098 3256 prorogauit
1106 3191 1133 3252 P,

118 3256 248 3323 correxit!
269 3261 301 3308 12
321 3254 460 3325 adiunxit]
479 3274 496 3308 x
515 3258 547 3309 iu
565 3272 619 3310 rua.
640 3260 658 3310 3
675 3257 808 3311 domuum
826 3260 846 3306 P
864 3254 872 3323 ΙΙ
891 3261 926 3310 20
945 3257 1070 3311 renitens
1088 3263 1108 3308 P
1125 3258 1134 3325 ll

119 3333 151 3382 21
177 3325 276 3394 ecquid
300 3326 430 3381 Ursinus:
460 3328 488 3380 et
511 3327 560 3396 qui
584 3333 603 3378 P
630 3329 640 3395 [l
667 3333 701 3381 23
724 3327 892 3381 disertorum
914 3330 1017 3396 scripsi
1039 3331 1134 3397 (supro

116 3414 144 3465 p.
155 3396 269 3464 XXVD:
289 3398 455 3467 pistorumP
469 3400 478 3467 ΙΙ
492 3405 526 3452 24
544 3397 658 3453 tibimet
676 3399 787 3466 compsi:
809 3399 839 3452 in
855 3404 953 3452 eumP
967 3402 976 3468 ΙΙ
990 3405 1024 3454 27
1043 3399 1132 3453 laudis

119 3470 149 3522 et
165 3473 185 3519 P
208 3470 212 3537 l
239 3469 381 3522 annitatur
400 3469 544 3524 Halmius:
563 3469 669 3524 nitatur
687 3475 707 3520 P
726 3474 789 3538 (quo
808 3475 917 3524 cuculo
935 3470 1062 3526 Kocha'ue
1080 3487 1131 3525 ser-

118 3539 178 3592 uire
197 3544 260 3593 aute
279 3541 341 3609 set).
