2378 3930
126 217 170 285 54
471 214 651 277 ΡΟΜΡΟΝΠ
668 213 794 278 MELAE

126 380 243 445 basum
276 381 310 442 et
342 376 494 443 Pelorida
525 376 728 447 Panhormus
760 381 795 443 et
825 377 973 460 Himera,
1005 375 1143 447 interius

126 489 204 540 vero
236 464 390 531 Leontini
427 469 460 530 et
496 462 744 549 Centuripinum
780 469 814 531 et
848 464 960 549 Hybla
997 465 1142 549 aliaeque

127 555 312 639 conplures3
338 554 461 629 famam
488 553 590 628 habet
617 552 811 629 obstareris
838 554 998 643 templum
1025 550 1143 632 Henna

65 661 115 710 119
125 643 341 727 praeeipuam.
393 642 554 717 montium
580 641 671 727 Eryx
697 643 837 716 maxime
870 645 1071 713 memoratur
1102 641 1142 709 ob

126 731 296 807 delubrum
317 730 455 797 Veneris
479 728 520 796 ab
539 729 651 805 Aenea
675 730 850 814 eonditum,
873 734 906 796 et
924 728 1033 800 Aetna
1055 730 1166 815 quoda

36 862 38 866 ι
127 818 387 904 Cyclopasolim
406 819 492 902 tulit,
515 839 602 893 nune
621 819 765 889 adsiduis
783 817 915 902 ignibus
936 817 1064 903 flagrat.
1106 818 1144 889 de

127 908 277 975 amnibus
301 907 436 973 Himera
458 907 660 991 referendus,
686 908 763 992 quia
785 908 819 973 iu
841 907 948 977 media
971 907 1142 978 admodum

126 1001 217 1061 ortus
240 997 276 1060 in
304 997 432 1063 divorsa
455 995 611 1079 decurrit,
639 996 853 1080 scindensque
883 1017 954 1066 eum
981 995 1144 1078 utrimque

125 1086 190 1161 alio
220 1106 276 1150 ure
304 1085 340 1159 iu
366 1083 527 1167 Libycum
555 1084 621 1148 alio
649 1085 684 1155 iu
712 1083 853 1155 Tuscum
880 1105 971 1149 mare
1002 1083 1144 1154 devenit.

64 1191 114 1241 120
126 1174 210 1249 eirea
252 1171 396 1239 Siciliam
436 1172 472 1237 in
508 1170 618 1239 Siculo
659 1172 743 1245 freto
785 1176 835 1241 est
871 1171 997 1256 Aeaee,
1042 1193 1140 1256 quam
1154 1189 1178 1237 ιο

127 1259 270 1344 Calypso
306 1260 474 1336 habitasse
511 1261 643 1344 dieitur,
681 1259 828 1331 Afrioam
864 1282 978 1332 versus
1012 1258 1145 1343 Gaulos,

126 1349 250 1434 Melita,
274 1347 423 1431 Cossura,
446 1349 581 1432 propius
603 1349 735 1422 ltaliam
758 1348 892 1432 Galata,
916 1352 950 1413 at
972 1349 1049 1420 illae
1074 1369 1144 1432 sep·

124 1444 192 1502 tem
216 1460 296 1522 quas
320 1436 417 1503 Aeoli
441 1436 607 1521 adpellant
630 1436 801 1521 Osteodes,
823 1437 951 1521 Lipara,
973 1435 1143 1519 Heraelea,

125 1526 276 1610 Didyma,
299 1524 516 1610 Phoenicusa,
539 1547 578 1591 aa
601 1526 685 1599 siout
706 1525 816 1599 Aetna
843 1529 998 1613 perpetuo
1021 1525 1142 1609 flagrat

63 1615 201 1699 migne
228 1613 330 1679 Hiera
362 1618 394 1680 et
418 1612 605 1699 Strongyle.
651 1618 702 1680 set
728 1614 916 1698 Pithecusa,
949 1612 1142 1696 Leuuothea,
1156 1627 1181 1679 1⁵

124 1702 277 1786 Aenaria,
301 1700 449 1787 Sidonia,
471 1700 626 1786 Capreae,
649 1702 825 1788 Prochyta,
848 1702 999 1785 Pontiae,
1020 1701 1145 1776 Panda·

126 1791 224 1873 teria,
254 1789 401 1874 Sinonia,
429 1790 595 1866 Palmaria
620 1789 736 1858 Italioo
762 1791 859 1863 lateri
886 1791 968 1863 eitra
990 1789 1145 1855 Tiberina

63 1897 113 1946 122
126 1879 212 1946 ostia
244 1877 401 1955 ducat.
457 1879 543 1953 ultra
571 1879 697 1964 aliquot
728 1883 804 1953 sunt
835 1900 954 1963 parvae
980 1877 1146 1963 Diapium,

13 2013 14 2016 ,
127 1967 273 2054 Igilium,
299 1965 476 2051 Carbania,
505 1966 610 2053 Urgo,
632 1967 717 2051 Ilva,
746 1966 915 2052 Capraria,
943 1967 1024 2041 duaa
1048 1987 1144 2052 grau·

127 2057 183 2122 des
211 2057 359 2142 fretoque
387 2056 524 2140 divisae,
556 2078 693 2140 quarum
721 2054 855 2122 Corsica
882 2056 973 2128 litori
1001 2056 1146 2140 propior,
1163 2071 1187 2112 so

125 2144 211 2224 inter
238 2146 344 2223 latepa
366 2145 475 2222 tenuis
504 2145 672 2230 oblonga,
700 2149 928 2230 praeterquam
953 2144 1010 2217 ubi
1032 2142 1146 2211 Aleria

63 2237 159 2309 isset
182 2232 330 2301 Mariana
354 2233 502 2309 coloniae
525 2235 603 2307 suut
626 2255 645 2308 a
668 2234 816 2307 barbaria
841 2233 971 2306 colitur:
995 2229 1147 2315 Sardinia

125 2319 276 2398 Africum
299 2322 435 2406 pelagus
464 2320 650 2406 adtingens,
677 2322 741 2387 uisi
770 2322 856 2405 quod
883 2322 919 2389 in
946 2321 1146 2394 uouideutem

127 2431 225 2494 quam
248 2409 282 2474 iu
308 2410 468 2476 orientem
491 2409 664 2493 angustius
688 2414 824 2494 spectat,
846 2433 907 2495 par
930 2413 963 2483 at
986 2409 1147 2494 quadrata

63 2502 68 2516 ”
125 2497 266 2582 undique
294 2502 328 2573 et
355 2519 516 2582 nusquam
547 2519 614 2571 nou
644 2498 811 2583 aliquanto
839 2499 1013 2582 spatiosior
1045 2520 1145 2582 quam
1158 2510 1183 2553 2⁵

126 2587 183 2651 ubi
209 2587 404 2672 longissima
433 2588 484 2662 est
511 2584 657 2671 Corsiae,
691 2591 833 2659 ceterum
864 2586 983 2660 fertilis
1014 2591 1048 2658 at
1081 2587 1145 2653 soli

125 2697 224 2757 quam
260 2677 343 2754 eaeli
381 2674 541 2760 melioris,
576 2679 674 2760 atque
710 2678 747 2751 ut
783 2675 921 2749 fecunda
956 2675 1004 2745 ita
1039 2696 1143 2759 paone

198 2853 223 2902 4.
243 2846 398 2923 praecipua
415 2848 443 2901 A
461 2847 644 2919 praeeipuam
661 2849 825 2906 Caesonius
879 2865 947 2918 eryx
963 2850 1004 2904 A¹
1022 2865 1092 2907 sorr.

126 2924 151 2973 5.
172 2917 277 2973 aethna
297 2918 338 2971 A¹
357 2920 441 2972 aetna
459 2917 499 2972 A’
553 2925 579 2974 6.
597 2914 723 2973 adsiduis
742 2918 783 2972 A¹
805 2917 927 2974 assiduis
951 2916 992 2974 A²
1024 2916 1147 2989 'flagrat

126 2989 167 3043 A¹
188 3005 256 3044 corr.
329 2995 354 3046 9.
375 2989 495 3043 maxime
519 2989 548 3043 A
570 3005 647 3043 mare
665 3007 686 3044 a
759 2995 800 3046 10.
821 3005 870 3044 eae
893 2990 922 3044 A
944 2993 1036 3045 Aeaee
1055 3007 1075 3044 a

127 3067 168 3118 11.
189 3059 287 3129 oqulos
306 3058 453 3123 AGaulos
468 3059 615 3126 Barbarus
669 3066 711 3117 13.
731 3059 822 3124 aeeoli
839 3061 868 3116 A
921 3063 1040 3122 haraoea
1058 3060 1086 3113 A

127 3136 169 3189 15.
198 3130 353 3198 suoneyles
382 3131 411 3184 et
438 3130 466 3184 A
492 3129 641 3200 Strongyle
669 3132 714 3187 set
738 3148 840 3201 scrupea
918 3139 959 3187 1e.
988 3147 1089 3202 caprae
1117 3131 1146 3193 A

126 3199 251 3272 Capreae
265 3218 286 3258 a
335 3201 470 3268 poreyma
483 3200 511 3254 A
524 3200 665 3269 Prochyta
675 3219 698 3266 ,a
753 3209 795 3258 17.
809 3201 951 3272 palmaria
964 3203 992 3261 A
1005 3201 1146 3264 Palmaria

127 3273 279 3342 Pieridum
351 3276 393 3326 18.
412 3270 547 3337 iaoentA
565 3271 697 3338 adiaoent
708 3275 810 3343 seipsi
881 3279 925 3329 20.
938 3275 1020 3338 eoba
1035 3272 1144 3329 oorsiea

125 3344 237 3411 etmsoo
251 3348 316 3413 poet
330 3339 438 3408 diruas
451 3343 538 3408 deleat
573 3359 624 3412 pro
644 3343 703 3407 ¹rior
715 3343 757 3397 A¹
774 3343 891 3414 propior
903 3343 944 3401 A'
985 3350 1028 3407 21.
1046 3345 1147 3415 aperta

126 3413 273 3539 AffiAleria
291 3412 443 3537 Laeana
524 3419 567 3473 22.
592 3362 717 3478 salomae
745 3414 774 3471 A
855 3421 898 3470 23.
921 3415 1072 3485 adtingens
1105 3414 1147 3476 A¹

128 3500 145 3537 a
183 3501 272 3555 ngens
