2378 3930
166 188 211 255 40
480 205 714 251 raonseonrus
735 206 769 249 m

168 348 291 421 Magnam
320 346 511 403 auctoritatem
539 345 612 400 inter
637 343 750 400 Graecas
779 342 909 417 reliquias
938 340 1085 399 tribuimus

144 431 276 488 'duohns
305 429 481 504 fragmentis,
509 428 589 485 111111
614 422 686 501 περὶ
710 420 878 487 ταλάντων
900 424 979 498 (95),
1005 425 1091 484 alteri·

170 511 242 589 περὶ
257 509 381 589 μέτρων
397 512 475 585 (81),
499 529 567 587 quae
583 514 610 569 11
627 511 765 570 codicibus
783 512 835 569 hoc
851 529 906 586 quo
922 511 1015 567 statim
1031 510 1086 567 dixi

170 600 264 657 ordine
279 600 370 673 posita
384 606 449 655 suut
463 596 545 672 (prol.
561 596 580 668 S
596 596 657 673 86).
689 597 725 653 lla
740 596 810 668 iam,
832 604 863 654 ut
877 596 967 653 brevis
985 598 1022 652 sit
1037 614 1086 670 ap-

170 684 293 758 pellatio,
309 682 501 739 Alexandrinas
518 682 622 738 tabulas
636 698 772 751 nocemus.
805 681 858 738 llas
876 682 963 755 igilur
979 680 1089 738 tabulas

170 769 288 826 Graecus
308 768 354 824 ille
375 766 495 841 scriptor
515 782 596 841 quem
616 766 712 823 Calvus
733 767 868 839 expressit
893 768 929 822 ita
951 766 1085 821 inunum

172 862 315 911 tractatum
337 852 492 922 coniunxit,
515 859 546 906 ut
568 859 595 907 et
614 851 691 907 initio
713 859 740 907 11
759 851 787 905 11
805 850 858 905 line
873 867 959 924 pauca
975 849 1087 906 aliunde

169 940 285 1012 repetita
308 938 435 1009 adderet,
458 945 486 992 et
507 953 522 991 a
542 935 636 1009 priore
658 935 748 992 tabula
763 935 796 991 ad
811 934 922 991 alteram
940 936 1085 1013 transitum

169 1024 272 1080 laceret
292 1022 335 1077 his
358 1020 447 1077 verbis
465 1036 541 1094 -quae
563 1029 627 1076 sunt
648 1020 718 1092 apud
739 1019 847 1075 Calvum
868 1020 927 1076 Sed
945 1037 1026 1075 nunc
1048 1020 1087 1073 de

168 1111 309 1163 mensuris
324 1104 353 1178 (S
371 1100 429 1180 10).
458 1107 512 1160 1111
527 1106 553 1160 11
570 1104 641 1160 libro
657 1104 759 1161 Graeco
775 1121 829 1177 quo
846 1123 914 1161 usus
930 1113 973 1161 est
986 1103 1085 1160 Calvus

167 1192 311 1261 Africano,
332 1189 509 1247 celeberrimo
528 1189 665 1261 scriptori,
683 1188 749 1245 haec
764 1191 897 1262 expositio
912 1189 1014 1245 tributa
1030 1196 1086 1257 est,

169 1276 337 1349 eundemque
359 1274 467 1329 titulum
492 1275 520 1328 in
536 1272 588 1329 alio
603 1273 696 1330 codiee
711 1272 814 1330 invenit
829 1272 976 1331 Salmasius
991 1272 1054 1347 (vol.
1070 1272 1082 1327 l

168 1378 196 1433 p.
209 1359 271 1431 81),
288 1359 334 1433 qui
349 1359 493 1432 amphorae
510 1356 694 1415 definitionem
709 1360 820 1415 eandem
836 1375 916 1432 quam
928 1357 1023 1414 Calvus
1039 1374 1084 1413 ex·

168 1445 271 1517 pressit
291 1443 418 1500 Graecam
443 1444 521 1500 allert
547 1458 578 1497 ex
600 1442 675 1499 lulio
694 1441 838 1512 Africano
863 1449 893 1499 in
917 1443 1085 1517 [1191111111
1109 1471 1112 1477 ·

168 1521 236 1603 περὶ
255 1521 368 1604 μέτρων
386 1527 428 1584 vel
450 1544 482 1583 ex
496 1527 643 1597 Africano
665 1534 696 1584 in
712 1528 803 1583 Gestis
826 1533 924 1600 eapite
945 1521 1012 1599 περὶ
1032 1521 1082 1601 μέ-

168 1630 247 1683 τρων
261 1606 311 1668 sui
326 1610 479 1685 σταθμῶν.
510 1612 559 1670 Η11
580 1613 639 1686 ipsa
654 1611 776 1670 Salmasii
792 1613 874 1669 verba
890 1629 1016 1686 magnam
1034 1613 1084 1668 du·

168 1697 328 1755 bitationem
350 1696 507 1769 relinquunt
514 1716 522 1763 ;
544 1702 590 1771 qui
611 1698 634 1754 si
652 1696 706 1753 1311
720 1697 820 1755 Graeca
836 1698 938 1754 invenit
954 1703 985 1753 s'n
997 1696 1083 1771 frep-

168 1789 264 1838 mento
284 1776 356 1855 περὶ
377 1775 518 1855 μέτρων,
546 1782 596 1838 hac
622 1783 796 1839 statuendum
824 1791 865 1838 est
891 1782 963 1856 quod
990 1782 1084 1839 statim

169 1868 269 1925 dicturi
291 1882 399 1933 sumus;
422 1865 464 1921 sin
489 1883 552 1923 vero
576 1882 608 1922 ex
625 1866 766 1923 Gestorum
788 1882 870 1940 opere
892 1883 922 1922 ea
944 1866 1082 1941 repetivit,

169 1951 250 2027 longe
271 1951 350 2008 aliter
371 1967 400 2007 se
421 1967 467 2006 res
488 1951 568 2008 1111111
587 1967 638 2007 111
656 1953 749 2024 negari
764 1960 856 2025 potest
871 1952 960 2025 ipsum
978 1950 1083 2007 strica-

168 2055 233 2094 num
248 2039 317 2093 hanc
333 2036 531 2108 expositionem
550 2053 565 2092 e
583 2035 779 2091 vetustioribus
795 2035 910 2105 tabulis,
933 2037 1005 2110 ipsas
1020 2035 1084 2092 illas

168 2122 361 2177 Alexandrinas
377 2120 448 2190 dico,
464 2121 668 2178 concinnavisse
684 2137 817 2194 suumque
832 2123 859 2176 in
874 2137 943 2193 opus
961 2120 1084 2177 collecti·

171 2207 242 2262 cium
265 2206 420 2260 inseruisse.
469 2204 520 2261 Sed
544 2205 645 2261 residet
667 2206 694 2260 in
719 2213 808 2261 mente
831 2205 994 2279 scrupulus,
1020 2221 1082 2261 cum

170 2289 255 2344 altero
279 2288 339 2344 loeo
359 2287 554 2361 fracmentom
571 2289 691 2345 Africani
713 2292 834 2346 citaverit
856 2289 1011 2346 Salmasius.
1044 2288 1084 2345 Ne

170 2373 269 2441 multa,
292 2371 415 2444 equidem
436 2372 554 2429 arbitror
570 2372 681 2429 minime
698 2390 777 2429 omne
792 2374 933 2430 Gestorum
948 2391 1018 2448 opus
1034 2381 1084 2430 aut

170 2458 299 2512 maiorem
318 2463 422 2528 partem
438 2459 512 2526 eius,
536 2458 606 2512 unde
624 2457 677 2513 lxoc
695 2457 727 2512 de
741 2461 876 2514 mensuris
892 2468 973 2532 caput
989 2457 1084 2514 lauda·

169 2542 246 2610 verit,
263 2538 421 2596 Salmasium
436 2541 464 2596 in
480 2540 603 2596 manibus
619 2540 757 2613 habuisse,
774 2543 822 2598 sed
837 2543 926 2599 solum
942 2543 994 2599 hoc
1006 2541 1082 2617 irag·

168 2635 288 2680 11111111
306 2625 334 2679 11
352 2622 430 2679 libris
446 2624 581 2681 invenisse
598 2626 680 2699 idque
696 2643 744 2682 sua
763 2628 919 2684 coniectura
937 2627 969 2682 ad
985 2626 1084 2683 Cestos

167 2709 286 2766 Africani
302 2708 438 2766 retulisse.
470 2708 548 2778 Quod
567 2712 590 2765 si
607 2727 699 2767 verum
720 2719 778 2782 est,
798 2712 962 2785 relinquitur
985 2720 1016 2767 ut
1028 2712 1082 2781 mi·

168 2796 239 2849 nime
263 2812 313 2868 pro
335 2803 476 2867 comperto
504 2794 654 2851 habendum
679 2798 714 2852 sit
736 2796 892 2853 Africanum
918 2796 985 2853 haec
1013 2796 1084 2852 scri-

167 2881 268 2951 psisse:
296 2896 374 2952 quaxn
397 2878 474 2936 lacile
490 2879 559 2935 enim
574 2895 716 2936 censemus
733 2879 790 2936 ficri
806 2882 946 2954 potuisse,
970 2888 1001 2937 ut
1017 2881 1082 2937 lxuio

167 2963 319 3036 fragmento
341 2980 356 3018 1
376 2962 487 3020 librario
511 2965 620 3039 aliquo⁷
647 2983 702 3039 quo
723 2966 809 3022 maior
833 2967 980 3023 auctoritas
997 2972 1082 3036 esset,

166 3048 371 3105 celeberrimum
386 3047 505 3105 Africani
521 3066 620 3106 nornen
636 3049 840 3123 praefigeretur.

230 3133 341 3190 Haecin
357 3133 511 3190 universum
526 3135 688 3208 disputanda
703 3135 829 3191 luerunt:
854 3138 905 3192 iam
921 3134 1081 3207 singillatim

168 3215 297 3272 Graecum
319 3216 390 3273 Calvi
416 3216 517 3275 librum
540 3236 601 3276 cum
621 3220 810 3276 Alexandrinis
837 3220 936 3277 tabulis
963 3219 1082 3293 aliisque

168 3301 228 3357 eius
243 3304 349 3373 generis
366 3302 527 3373 irognrentis
543 3320 739 3376 comparemus.

228 3384 347 3442 Primum
374 3387 491 3442 Graecus
518 3387 588 3443 Calvi
616 3388 735 3460 scriptor
756 3386 799 3463 (11.
824 3388 881 3445 141
906 3389 924 3461 S
946 3388 975 3460 1)
997 3388 1081 3445 breve

161 3470 305 3526 exordium
327 3471 394 3529 lecit
418 3470 508 3527 simile
531 3471 693 3547 quibusdam
714 3472 823 3530 Graecis
845 3472 947 3529 taliulis
969 3471 1016 3543 (ir.
1038 3472 1079 3527 51

147 3569 185 3610 rs,
202 3553 232 3623 1,
251 3555 287 3611 ln
305 3554 356 3631 66,
376 3556 424 3632 1)‚·
446 3568 504 3617 lum
522 3558 623 3635 posuit
639 3567 729 3618 totam
744 3554 1100 3615 Alexandrinamtalsulam
