2378 3930
378 185 576 229 CONSPEG'PUS
597 186 757 229 NOTARUM.
952 181 1026 230 XXV

173 323 250 377 Assis
272 330 365 395 partes
388 323 565 380 duodenarias
587 330 694 381 constat
716 339 810 379 omncs
827 323 930 381 duabus
951 328 1025 382 notis

111 407 232 463 semissis
248 415 275 461 et
289 409 385 464 unciae
403 407 568 481 significari,
592 407 687 465 unciae
702 416 792 464 autem
808 409 1025 483 antiquissimam

108 499 201 547 uotam
216 490 302 547 luisse
316 491 457 566 globulum
470 494 510 548 vel
525 501 664 568 punctum.
691 492 725 548 Ut
736 492 769 548 de
781 496 898 550 nummis
912 502 1024 568 taceam,

108 584 209 650 puncta
232 575 316 633 incisa
340 586 404 633 sunt
424 579 452 633 iu
474 578 536 652 lege
555 579 653 652 parieti
673 578 814 643 laciuud0;
838 587 880 634 est
898 581 984 653 igitur
1000 599 1023 636 :·

108 662 243 735 quadrans
259 656 296 735 (o.
312 663 332 717 l.
348 663 377 718 L.
392 661 445 719 vol.
460 663 471 717 1
487 662 560 735 517,
577 664 605 733 1,
624 661 690 735 14),
716 683 740 718 :t
757 663 842 719 triens
859 660 932 738 (ibid.
948 663 977 735 2,
995 665 1023 720 2.

108 744 176 819 22),
195 741 229 803 S:
248 746 296 802 bes
313 745 388 819 (ibid.
406 740 516 823 1‚1'6),
534 742 582 805 S:·
598 747 716 804 dodrans
733 746 808 819 (ibid.
825 746 854 817 2,
872 747 933 821 24).
966 748 1026 806 ntia

109 832 228 888 eiusdem
244 832 395 888 notationis
411 833 532 906 exempla
550 832 626 888 allent
641 833 759 888 Marinus
772 831 839 904 (atti
854 830 900 889 de'
911 833 1026 903 fratelli

108 917 208 972 arnoli
221 917 274 972 vol.
291 918 301 972 Ι
316 936 343 991 p.
358 916 418 974 228
438 935 477 976 vs.
495 916 534 973 14
551 917 584 974 ab
601 916 677 990 ult.);
703 918 774 973 idem
797 933 860 973 vero
881 918 946 973 mibi
965 919 1025 992 qui·

108 1002 177 1061 dem.
200 1001 396 1075 dubitationem
423 1002 568 1076 relinquit,
601 1001 734 1059 habeatne
769 1001 913 1075 inscriptio
944 1020 1024 1076 quam

108 1105 135 1160 p.
148 1086 234 1141 CXXX
250 1087 334 1142 edidit
349 1095 449 1161 puncta
465 1104 516 1157 au,
530 1096 562 1143 ut
578 1087 623 1143 ille
637 1087 782 1161 expressit,
798 1086 914 1142 liueolas
929 1089 968 1143 sic
983 1104 1025 1138 ω

109 1178 240 1228 curvatas.
271 1172 338 1227 Tum
353 1174 381 1227 iu
396 1172 489 1227 codice
505 1172 658 1227 Cassineusi
673 1172 799 1227 Frontini
814 1179 924 1244 practer
939 1171 1025 1227 lineo·

108 1255 148 1312 las
175 1273 255 1330 saepe
281 1265 381 1330 puncta
410 1259 523 1330 reperiri
547 1264 715 1330 compertum
744 1256 875 1312 habemns
899 1255 1024 1330 diligenti

107 1341 138 1396 F.
153 1341 310 1397 buecheleri
334 1359 398 1398 cura
417 1340 486 1411 (vide
508 1343 566 1397 eius
588 1342 651 1397 edit.
677 1359 704 1415 p.
720 1358 761 1397 x1.
779 1341 835 1411 19,
859 1341 886 1398 1.
911 1341 939 1398 6.
965 1340 1023 1413 14).

109 1424 161 1481 Sed
177 1427 203 1479 iu
221 1427 264 1480 his
280 1424 522 1499 metrologicorum
538 1428 704 1500 scriptorum
719 1425 844 1500 reliquiis
860 1425 944 1481 semel
956 1443 1024 1501 pnn-

109 1518 182 1566 ctum
199 1513 330 1566 eustatio
347 1513 501 1566 sescunciae
517 1519 583 1566 uota
598 1512 647 1567 bac
665 1506 707 1581 D,
722 1527 795 1584 qnae
817 1517 860 1564 001
881 1511 909 1565 10
931 1510 1024 1569 oodice

110 1594 235 1651 Vaticano
253 1595 381 1651 110001001
400 1589 468 1671 (vide
483 1595 551 1650 iulra
564 1614 590 1668 p.
600 1589 715 1668 xxvr1);
734 1595 846 1669 reliquis
862 1593 930 1651 locis
944 1595 1025 1651 uncia

108 1682 197 1735 notari
214 1680 285 1736 solet
299 1680 399 1736 lineola
417 1689 569 1737 transversa
587 1711 628 1751 -,
649 1680 761 1754 perinde
773 1688 867 1752 atque
888 1679 916 1734 in
931 1680 1024 1736 codice

108 1764 261 1820 Cassinensi
278 1765 402 1821 Frontini
418 1773 446 1821 ct
460 1768 486 1821 in
507 1764 730 1837 inscriptionibus
747 1765 852 1837 (Marini
870 1762 1024 1838 100228

108 1866 148 1904 vs.
165 1848 183 1904 5
200 1850 263 1922 ss),
291 1867 359 1922 quae
379 1851 516 1906 interdum
540 1858 586 1907 aut
606 1847 933 1920 00100101·01οΝ(01110
954 1850 1025 1905 inira

108 1951 134 2007 p.
151 1951 257 2005 xxvm,
278 1935 374 1989 blarini
391 1953 418 2008 p.
435 1933 494 1990 221
514 1931 562 2011 0.),
585 1943 632 1990 aut
652 1934 697 1989 ubi
717 1950 864 1990 excurrens
878 1933 958 1989 nucia
979 1934 1025 1989 de·

109 2020 202 2088 uncis,
218 2019 373 2089 dodrantis,
396 2012 572 2092 quincuncis,
595 2018 755 2092 quadrantis
776 2015 963 2092 significatur,
984 2017 1025 2071 rel

108 2104 212 2158 directa
227 2110 269 2158 001
284 2101 325 2175 (ut
340 2103 368 2157 iu
384 2103 487 2158 deunce
502 2096 622 2175 8:2¹),
641 2102 682 2157 vel
698 2102 808 2177 oblique
826 2103 937 2176 ponitur
956 2100 1025 2175 (vide

106 2187 179 2243 inlra
203 2187 331 2255 donnus,
352 2187 507 2258 dodrantis,
529 2187 624 2244 unciae
640 2195 735 2259 notas,
755 2187 950 2244 buechelerum
965 2184 984 2243 l.
1001 2202 1023 2241 0.

109 2273 142 2328 ad
157 2289 184 2344 p.
201 2270 251 2339 22,
268 2271 295 2326 4.
315 2272 341 2327 7.
359 2272 417 2344 10).

172 2356 329 2413 Semunciae
348 2359 458 2413 001010
477 2357 536 2429 lege
553 2356 650 2430 parieti
668 2355 794 2412 faciundo
817 2364 859 2411 001
885 2348 919 2432 Ξ
940 2351 1022 2431 (517,

110 2441 139 2509 2,
154 2440 182 2496 4.
200 2440 266 2512 22);
283 2443 310 2495 10
327 2441 402 2498 libris
418 2441 622 2515 manuscriptis
639 2441 696 2496 lere
712 2441 814 2515 ubique
829 2448 966 2497 exaratum
983 2448 1025 2496 est

112 2522 146 2591 L}
162 2526 337 2581 inveniuntur
350 2534 441 2582 tamen
457 2528 537 2583 etiam
550 2526 617 2582 aliae
628 2526 732 2582 lornrae
745 2543 813 2598 quae
826 2542 857 2581 er
869 2525 1024 2599 antiquiore

109 2628 161 2665 usu
177 2619 298 2666 servatae
314 2626 373 2666 esse
388 2611 513 2667 videntur
528 2609 598 2682 (vide
614 2610 682 2666 inira
698 2629 723 2685 p.
740 2627 846 2682 xxvm,
866 2610 1024 2667 Buecheler.

110 2695 140 2750 ad
156 2714 183 2769 p.
202 2695 251 2764 18,
270 2695 318 2752 23.
337 2695 386 2766 19,
400 2696 448 2752 13.
467 2697 514 2751 11.
529 2695 577 2752 18.
594 2694 644 2765 20,
659 2693 679 2749 4
695 2693 768 2765 cet).
798 2695 854 2768 Ego
869 2695 941 2768 apud
955 2694 1024 2750 1100-

109 2779 216 2836 cianum
232 2780 301 2836 edidi
327 2783 344 2834 Σ
365 2787 474 2836 secutus
489 2780 683 2835 blommsenum
701 2781 729 2835 in
745 2779 809 2836 hist.
827 2794 929 2839 numm.
947 2779 1023 2836 llom.

464 3060 666 3069 ——

541 3246 594 3296 AS.

175 3367 180 3428 ι
207 3371 342 3442 127,13.
364 3369 499 3442 10001.

167 3451 194 3520 d'
223 3457 273 3527 82,
292 3459 308 3515 7
326 3457 413 3512 Prisc.

174 3535 199 3599 Χ
217 3542 301 3616 praei.
317 3558 345 3614 p.
360 3558 427 3597 xxm
443 3541 474 3596 ad
491 3537 551 3595 135
567 3539 585 3611 3
602 3538 650 3596 24.
666 3557 693 3612 p.
711 3539 782 3611 132,
799 3540 827 3597 6.
