2378 3930
121 215 164 278 60
467 213 647 269 POMPONII
664 213 790 268 MELAE

121 376 256 459 effluxit,
278 375 431 441 videlicet
453 379 490 440 ut
507 375 616 441 forent
635 377 675 441 ad
697 377 786 441 bella
803 376 964 459 meliores,
987 378 1137 441 aeternas

121 486 191 529 esse
215 465 340 530 animas
358 464 524 548 vitamque
549 465 685 530 alteram
706 465 748 530 ad
766 486 887 530 manes.
932 465 1044 548 itaque
1064 484 1138 528 cum

120 553 257 617 mortuis
285 555 431 617 cremant
458 574 495 617 ac
517 552 685 618 defodiunt
712 556 790 637 apta
818 553 1012 618 viventibus.
1057 551 1138 617 olim

120 641 327 726 negotiorum
350 641 435 707 ratio
459 641 557 706 etiam
581 645 614 706 et
637 643 764 707 exactio
788 640 905 706 crediti
933 640 1139 706 deferebatur

122 730 163 795 ad
190 729 326 814 inferos,
358 733 512 814 erantque
539 731 595 814 qui
623 752 657 794 se
685 731 720 794 in
743 750 849 815 ,rogos
883 749 1016 794 suorum
1048 729 1164 795 reluta

70 835 104 883 ao
123 823 187 883 una
206 819 324 884 victuri
347 819 488 883 libenter
505 818 720 884 inmitterent
764 818 855 903 regio
875 839 973 902 quarn
991 817 1140 883 incolunt

123 907 229 971 omnis
250 905 389 972 Comata
407 905 523 971 Gallia.
563 908 757 990 populorum
775 907 841 971 tria
859 928 986 971 summa
1005 907 1140 971 nomina

123 997 213 1075 sunt,
244 995 527 1079 terminanturque
563 995 670 1059 fluviis
702 995 899 1078 ingentibus.
947 1015 1089 1078 namque
1121 1016 1141 1059 a

122 1083 292 1165 Pyrenaeo
315 1081 356 1146 ad
375 1082 564 1147 Garunnam
582 1082 749 1168 Aquitani,
771 1083 812 1148 ab
834 1105 873 1148 eo
896 1083 936 1148 ad
955 1081 1140 1168 Sequanam

124 1169 248 1254 Celtae,
280 1169 355 1235 inde
384 1170 425 1235 ad
451 1171 601 1235 Rhenum
633 1172 798 1255 pertinent
824 1169 954 1256 Belgae.
1004 1171 1140 1256 Aquita·
1153 1189 1177 1230 ro

123 1280 240 1322 norum
268 1258 441 1323 clarissimi
470 1263 546 1324 sunt
571 1258 685 1342 Ausci,
713 1258 879 1325 Celtarum
901 1260 1043 1344 Haedui,
1066 1259 1141 1324 Bel·

124 1367 239 1431 garum
268 1342 417 1430 Treveri,
443 1347 603 1432 urbesque
631 1349 899 1432 opulentissimae
926 1349 962 1413 in
989 1347 1141 1412 Treveris

123 1436 285 1519 Augusta,
307 1435 341 1499 in
359 1434 503 1500 Haeduis
521 1436 805 1520 Augustodunum,
828 1438 862 1501 in
880 1435 998 1502 Auscis
1016 1435 1142 1502 Elium·

69 1539 103 1587 21
123 1523 263 1588 berrum.
310 1522 465 1588 Garunna
492 1546 531 1589 ex
553 1525 719 1608 Pyrenaeo
747 1530 858 1590 monte
881 1525 1048 1609 delapsus,
1075 1524 1141 1588 nisi

125 1633 197 1675 cum
220 1610 358 1676 hiberno
386 1612 490 1676 imbre
515 1615 572 1677 aut
595 1613 711 1678 solutis
733 1614 862 1678 nivibus
879 1613 1058 1696 intumuit,
1086 1612 1141 1677 diu
1154 1631 1179 1673 rs

123 1700 264 1764 vadosus
283 1703 316 1764 et
332 1700 386 1764 vix
405 1701 601 1786 navigabilis
620 1701 732 1767 fertur.
768 1706 804 1767 at
821 1702 877 1767 ubi
896 1701 1011 1766 obvius
1028 1702 1142 1766 oceani

125 1788 342 1852 exaestuantis
370 1789 554 1853 accessibus
582 1790 738 1855 adauctus
766 1792 829 1874 est,
858 1789 1026 1874 isdemque
1053 1793 1142 1855 retro

123 1876 345 1941 remeantibus
365 1898 440 1941 suas
459 1876 614 1961 illiusque
633 1900 734 1962 aquas
753 1879 831 1963 agit,
851 1879 1054 1963 aliquantum
1072 1878 1142 1962 ple·

123 1965 210 2049 nior,
238 1969 271 2029 et
294 1968 416 2049 quanto
439 1966 545 2050 magis
568 1966 714 2050 procedit
742 1988 780 2032 eo
809 1967 910 2032 latior
935 1967 988 2052 fit,
1015 1967 1056 2033 ad
1084 1987 1142 2051 po-

124 2057 281 2117 stremum
295 2054 408 2138 magni
421 2053 498 2119 freti
509 2055 645 2138 similis3'
654 2076 713 2120 nec
727 2055 851 2120 maiora
864 2058 992 2120 tantum
1006 2055 1143 2141 navigia
1156 2074 1182 2124 ro

123 2141 257 2225 tolerat,
279 2163 393 2207 verum
415 2164 506 2208 more
529 2144 629 2207 etiam
651 2144 761 2228 pelagi
782 2140 956 2208 saevientis
981 2163 1143 2228 exurgens

124 2228 228 2292 iactat
249 2230 443 2315 navigantes
467 2231 635 2314 atrociter,
658 2232 770 2315 utique
793 2233 822 2296 si
845 2232 910 2298 alio
933 2235 1050 2297 ventus
1074 2233 1142 2298 alio

71 2331 105 2379 aa
125 2316 211 2380 unda
224 2318 430 2401 praecipitat.
461 2318 496 2382 in
515 2321 619 2384 coest
636 2319 744 2384 insula
757 2318 880 2386 Antros
898 2320 1030 2386 nomine
1043 2342 1143 2405 quam

123 2403 264 2486 pendere
297 2408 330 2469 et
357 2406 473 2471 adtolli
501 2407 595 2491 aquis
626 2407 882 2474 increscentibus
914 2409 987 2476 ideo
1014 2408 1143 2474 incolae

125 2492 326 2577 existimant,
354 2495 430 2578 quia
452 2515 525 2559 cum
548 2495 719 2561 videantur
746 2496 883 2562 editiora
910 2497 981 2582 quis
1005 2497 1183 2582 obiacet,as

124 2580 181 2644 ubi
204 2602 239 2645 se
263 2581 379 2648 fluctus
403 2583 552 2668 implevit
573 2583 632 2649 illa
656 2584 771 2669 operit,
792 2585 874 2651 haec
896 2589 933 2651 ut
955 2586 1046 2671 prius
1069 2590 1143 2651 ton·

126 2673 193 2732 tum
217 2670 374 2755 ambitur,
402 2674 435 2736 et
457 2672 542 2756 quod
565 2694 604 2737 ea
627 2673 743 2757 quibus
767 2679 842 2739 ante
865 2674 955 2759 ripae
978 2675 1143 2758 collesque

124 2779 165 2821 ne
185 2762 391 2824 cernerentur
410 2761 615 2845 obstiterant,
632 2765 710 2826 tunc
723 2762 813 2827 velut
830 2783 869 2827 ex
883 2763 955 2829 loco
975 2763 1143 2848 superiore

72 2861 105 2910 23
125 2847 295 2928 perspicua
318 2852 402 2912 sunt.
449 2849 489 2913 ab
510 2847 683 2914 Garunnae
706 2851 795 2915 exitu
814 2851 902 2916 latus
925 2851 1006 2916 illud
1024 2851 1143 2935 incipit

197 3079 220 3128 6.
240 3071 417 3127 inmitterent
439 3074 480 3126 A¹
503 3073 689 3130 immitterent
711 3075 752 3130 A'
824 3083 848 3132 9.
874 3076 1019 3146 aquitania
1042 3078 1070 3132 A

125 3149 166 3198 13.
182 3145 322 3212 augausta
337 3143 379 3197 A¹
393 3146 513 3212 augusta
526 3144 566 3200 A²
621 3146 848 3217 augustodunum
861 3149 890 3203 A
945 3155 987 3204 14.
1002 3164 1144 3218 gamunna

123 3215 163 3268 A¹
178 3229 306 3283 garunna
322 3212 363 3268 A²
418 3213 543 3269 dilabens
557 3217 598 3270 A¹
612 3233 680 3274 corr.
696 3217 864 3330 qplapsuso
920 3225 961 3274 16.
980 3211 1095 3286 vadosis
1114 3220 1143 3274 A

198 3343 239 3394 18.
258 3335 419 3408 illiussssque
439 3339 467 3390 A
538 3346 581 3394 20.
600 3340 743 3414 navigatio
756 3343 784 3396 A
857 3347 899 3398 24.
919 3341 1021 3397 adtolli
1040 3343 1082 3397 A¹
1100 3345 1143 3398 at

125 3408 258 3536 ppiqumss
275 3415 369 3535 A’w
393 3407 482 3461 ambit
503 3409 532 3464 A
555 3410 715 3467 ambitura
787 3419 830 3468 28.
855 3412 1006 3468 obstiterat
1029 3413 1070 3470 A¹
1094 3412 1143 3467 ob·
