2378 3930
96 230 139 297 58
448 227 593 286 MINUGII
611 228 751 286 FELICIS

96 376 276 462 ingenitum
299 376 442 442 furorem
464 374 610 460 perditae
632 374 751 439 mentis
769 373 918 439 licentiae
937 375 1106 458 potestatis

62 480 80 530 8
98 465 199 530 libere
213 465 441 530 nundinentur.
473 465 595 547 absque
609 463 695 527 enim
709 463 827 528 notitia
840 462 892 528 dei
905 484 989 548 quae
1001 467 1108 547 potest

98 576 168 619 esse
192 553 296 618 solida
318 553 479 619 felicitas?
507 574 581 617 cum
604 573 693 617 mors
716 551 812 636 subit,
835 552 963 617 somnio
987 552 1108 634 similis,

62 646 274 728 aantequam
302 646 443 726 tenetur,
476 641 624 706 elabitur.
669 662 727 705 rex
753 660 802 705 es:
834 641 892 706 sed
917 644 987 706 tam
1015 642 1107 706 times

98 753 196 816 quam
218 731 344 795 timeris
368 735 409 814 et,
432 729 612 814 quamlibet
633 728 678 793 sis
701 727 806 794 multo
829 729 987 794 comitatu
1011 731 1106 815 stipa·
1130 746 1141 786 ⁶

97 824 164 903 tus,
189 820 229 884 ad
251 819 427 903 pericnlum
451 822 562 883 tamen
585 818 673 882 solus
697 838 740 881 es.
777 817 866 882 diues
889 838 938 883 es:
968 818 1024 882 sed
1046 818 1108 884 for·

96 913 193 973 tunae
216 907 302 972 male
324 907 465 973 creditur
487 910 520 971 et
543 927 663 991 magno
682 905 805 971 uiatico
822 905 923 972 breue
941 906 1032 971 uitae
1048 907 1109 971 iter

45 1013 80 1064 10
98 1019 164 1062 non
187 997 368 1080 instruitur,
392 996 447 1061 sed
466 999 624 1061 oneratur.
659 994 801 1059 fascibus
820 998 855 1060 et
872 996 1027 1080 purpuris
1045 996 1108 1081 glo

96 1085 206 1152 riaris:
227 1107 331 1150 uanus
355 1107 445 1150 error
467 1084 609 1149 hominis
628 1086 661 1147 et
678 1083 788 1148 inanis
805 1083 912 1149 cultus
931 1083 1108 1169 dignitatis,

97 1173 223 1259 fulgere
246 1196 398 1259 purpura,
420 1177 530 1238 mente
553 1171 747 1237 sordescere.
782 1171 954 1237 nobilitate
976 1193 1106 1258 genero·
1119 1191 1142 1231 a

97 1284 152 1327 sus
176 1284 219 1345 es,
242 1266 393 1346 parentes
415 1266 491 1327 tuos
514 1260 643 1325 laudas:
668 1281 779 1325 omnes
802 1263 912 1325 tamen
931 1261 1004 1345 pari
1023 1267 1107 1328 sorte

43 1367 77 1416 11
97 1351 274 1429 nascimur,
301 1351 372 1416 sola
396 1350 517 1414 uirtute
541 1349 782 1433 distinguimur.
828 1370 890 1414 nos
911 1350 1028 1434 igitur,
1055 1351 1107 1434 qui

96 1438 241 1504 moribus
261 1440 294 1502 et
312 1438 434 1522 pudore
450 1459 625 1521 censemur,
644 1437 761 1502 merito
776 1438 869 1502 malis
883 1438 1107 1521 uoluptatibus

96 1529 129 1590 et
156 1527 285 1611 pompis
313 1530 345 1591 et
373 1526 565 1611 spectaculis
587 1527 705 1591 uestris
728 1526 944 1609 abstinemus,
971 1549 1108 1612 quorum

96 1619 130 1679 et
157 1615 195 1679 de
224 1615 325 1681 sacris
354 1615 513 1700 originem
535 1615 688 1680 nouimus
710 1618 744 1679 et
764 1615 861 1681 noxia
884 1615 1142 1681 blandimentau

96 1703 296 1769 damnamus.
332 1726 410 1770 nam
432 1704 468 1768 in
490 1703 574 1768 ludis
598 1703 780 1768 currulibus
802 1704 874 1788 quis
891 1725 958 1769 non
976 1705 1109 1770 horreat

95 1792 211 1876 populi
233 1795 268 1857 in
291 1814 324 1858 se
346 1792 484 1857 rixantis
505 1791 689 1859 insaniam?
720 1792 755 1856 in
779 1792 983 1877 gladiatoriis
1007 1794 1109 1858 horni-

45 1896 78 1946 12
97 1880 172 1945 oidii
196 1881 426 1964 disciplinam?
461 1881 497 1947 in
520 1880 654 1946 scenicis
677 1881 777 1945 etiam
799 1903 866 1946 non
889 1881 998 1947 minor
1019 1882 1110 1948 furor

97 1973 130 2033 et
152 1970 319 2054 turpitudo
343 1970 512 2054 prolixior,
537 1991 624 2034 nunc
647 1970 735 2033 enim
758 1970 876 2034 mimus
899 1970 953 2034 uel
977 1971 1109 2054 exponit

97 2058 257 2123 adulteria
286 2059 339 2124 uel
363 2061 539 2143 monstrat,
567 2079 652 2123 nunc
675 2058 802 2123 eneruis
824 2058 941 2123 histrio
965 2081 1107 2124 amorem
1120 2076 1142 2115 20

97 2147 172 2211 dum
192 2148 297 2233 fingit,
315 2147 436 2232 infigit3
456 2146 540 2211 idem
559 2147 636 2211 deos
655 2150 780 2211 uestros
799 2147 979 2212 inducendo
995 2152 1108 2232 stupra

97 2237 235 2319 suspiria
263 2237 336 2301 odia
364 2236 548 2319 dedecorat,
577 2235 663 2300 idem
693 2236 852 2301 simulatis
876 2236 1043 2302 doloribus
1066 2238 1108 2300 la·

97 2325 213 2389 crimes
236 2328 360 2389 uestras
384 2325 477 2388 uanis
501 2325 647 2410 gestibus
666 2328 698 2389 et
716 2325 849 2390 nutibus
867 2330 1040 2408 prouocat:
1064 2326 1107 2391 sic

45 2410 294 2478 38homioidum
317 2413 352 2475 in
370 2435 448 2478 uero
467 2413 633 2498 flagitatis,
655 2414 689 2478 in
707 2412 873 2478 mendacio
891 2413 985 2477 fletis.
1024 2414 1106 2498 quod

97 2521 174 2564 uero
207 2500 440 2565 sacrificiorum
473 2502 625 2587 reliquias
658 2506 691 2566 et
719 2500 836 2585 pocula
863 2501 1008 2566 delibata
1036 2515 1139 2567 con-2⁵

96 2590 281 2672 temnimus,
305 2612 373 2655 non
397 2589 558 2656 confessio
581 2590 708 2654 timoris
731 2592 790 2671 est,
813 2589 869 2653 sed
892 2611 989 2656 uerae
1013 2591 1107 2655 liber·

95 2678 176 2740 tatis
201 2679 349 2742 adsertio.
386 2702 462 2743 nam
486 2680 548 2744 etsi
571 2700 666 2744 omne
688 2677 773 2762 quod
790 2678 935 2742 nascitur
952 2683 990 2742 ut
1008 2680 1107 2743 inuio·

97 2765 196 2829 labile
220 2766 271 2830 dei
295 2789 411 2831 munus
430 2769 520 2833 nullo
541 2789 635 2851 opere
654 2768 885 2850 conrumpitur,
908 2767 1107 2832 abstinemus

96 2856 219 2935 tamen,
248 2876 289 2918 ne
318 2856 391 2939 quis
418 2877 475 2921 uos
503 2856 664 2920 existimet
692 2860 749 2920 aut
772 2855 963 2938 daemoniis,
993 2857 1106 2940 quibus

170 3016 182 3062 1
202 3008 359 3079 ingenitum
378 3010 499 3066 furorem
519 3013 631 3081 scepei:
654 3010 798 3079 ingenium
817 3027 913 3066 eorum
932 3017 965 3078 P,
984 3029 1041 3080 quo
1055 3028 1106 3067 scr·

96 3085 162 3136 cato
181 3083 289 3134 mentes
308 3079 424 3137 licentia
442 3084 586 3138 durissime
599 3083 742 3152 Ripaltius
755 3083 794 3150 113
813 3099 887 3135 mors
907 3083 984 3136 subit
997 3083 1106 3152 scripsi:

96 3169 170 3206 mors
189 3151 226 3206 sit
243 3157 263 3202 P
281 3168 356 3206 mors
375 3154 443 3208 delet
466 3154 582 3210 Ursinus
600 3171 712 3223 prorsus
731 3154 769 3207 sit
788 3152 925 3207 Voactius
944 3154 954 3223 l
975 3159 993 3206 4
1012 3171 1041 3209 es
1060 3151 1107 3206 sed

96 3223 250 3292 Ripalta'us:
273 3226 348 3278 esset
369 3240 403 3277 m.
423 3230 448 3290 1,
473 3241 503 3279 es
526 3228 555 3280 et
572 3242 605 3278 m.
625 3228 645 3279 2
663 3230 683 3275 P
705 3225 714 3292 ΙΙ
739 3230 773 3278 10
790 3223 954 3278 nobilitates
973 3229 993 3276 P
1011 3241 1046 3278 m.
1065 3229 1080 3278 1
1097 3222 1107 3295 ΙΙ

97 3299 131 3346 14
151 3296 179 3347 et
196 3294 307 3363 pompis
325 3294 426 3349 uestris
444 3298 474 3350 et
492 3295 660 3365 spectaculis
674 3301 707 3359 P;
727 3294 829 3350 uestris
848 3296 969 3364 coiecit}
984 3300 1017 3350 17
1036 3295 1106 3349 iuter

96 3380 125 3417 se
140 3363 323 3421 Heumoaaus
336 3366 345 3434 ll
361 3371 394 3420 18
413 3366 489 3420 furor
508 3370 537 3422 et
551 3366 704 3421 Mewrsius:
722 3367 815 3421 furore
828 3372 848 3417 P
862 3367 871 3434 ΙΙ
885 3371 918 3420 21
933 3365 1028 3436 infigit
1040 3380 1105 3420 cao·

92 3450 194 3504 aymus
214 3436 376 3493 Parisinus:
404 3435 508 3507 infligit
534 3443 555 3490 P
578 3439 584 3506 Ι
608 3437 749 3491 induendo
777 3443 810 3504 P,
841 3454 910 3493 corr.
940 3436 1077 3492 Venetiae
1096 3435 1105 3505 ll

79 3511 125 3576 26,
142 3512 179 3562 26
198 3510 398 3583 contemnim’‚
417 3509 465 3568 sed
484 3509 522 3566 m’
540 3510 573 3566 iu
586 3524 644 3565 rus.
658 3525 694 3563 ra.
710 3509 833 3575 tutus
844 3524 901 3560 nes
912 3507 1021 3560 addua
1035 3507 1103 3560 Hes·

66 3595 202 3639 mannus.
