2386 3960
51 218 91 273 Vl
355 215 528 273 EDITORIS
546 213 761 272 PRAEFATIO.

52 365 108 449 qui
135 362 237 428 uerba
264 362 373 427 adlata
400 361 557 447 loquitur,
584 362 782 426 Phontcnem
808 359 974 445 appellare
998 360 1066 428 eo-

51 460 164 518 teusem
191 456 331 518 1100111111
357 454 470 536 utpote
494 454 757 533 conterraneum,
785 451 842 515 sed
865 472 933 515 non
956 451 1067 517 debuit

50 541 93 606 H.
115 542 242 607 Dessau
266 538 421 627 (Hermae
446 541 510 604 uol.
533 539 596 604 XV
618 562 649 624 p.
671 540 736 604 471
753 536 838 626 sqq.)
862 540 903 604 ad
929 538 1066 626 inscrip·

51 631 157 696 tiones
181 629 355 695 nonnullas
375 628 548 713 Cirtenses,
570 628 607 692 in
628 627 744 712 quibus
763 629 896 694 Marcus
914 627 1067 696 0000111111

52 719 162 800 Quinti
180 720 205 800 f.
224 719 354 785 Natalis
375 718 462 783 intra
485 738 587 783 annos
611 717 676 782 211
702 721 735 781 01
757 717 821 782 217
843 715 953 782 circae
977 740 1067 802 prae·

50 807 155 874 fectus
192 806 442 892 quinquennalis
474 811 571 893 atqm
603 805 807 870 ethnicorum
840 808 1067 891 superstitioni

50 897 223 962 inhaerens
242 899 524 981 commemoratur,
542 896 589 960 ita
607 916 784 980 prouocare
803 899 840 960 ut
858 894 945 960 hunc
958 897 1067 982 ipsum

51 983 228 1050 Caecilium
255 988 387 1071 putaret
414 1005 485 1050 esse
513 984 618 1050 nostri
641 983 763 1069 dialogi
789 984 986 1069 participem
1014 983 1086 1071 (de'

49 1072 179 1140 Natalis
207 1074 339 1139 nomine
367 1071 406 1138 ef.
435 1094 460 1138 c.
490 1074 541 1154 16,
567 1069 612 1155 1),
642 1073 696 1156 qui
724 1073 760 1136 in
787 1073 849 1136 fine
878 1070 1066 1140 Caracallae

49 1163 178 1247 imperii
209 1163 262 1228 uel
293 1165 410 1247 postea
440 1162 585 1228 imbutus
618 1165 705 1226 esset
737 1161 838 1226 sacris
867 1161 1066 1228 christianis.

49 1272 126 1316 narn
152 1252 217 1316 etsi
244 1253 328 1316 reris
355 1254 467 1315 tamen
488 1249 683 1315 indubitatis
706 1249 904 1314 testimoniis
928 1255 1066 1338 constat,

50 1341 149 1405 etiam
176 1342 247 1404 tum
270 1339 427 1423 temporis
449 1342 576 1424 patrem
600 1339 760 1403 etlilium
782 1341 863 1403 natu
887 1339 1066 1406 maximum

50 1428 170 1493 eisdem
193 1450 270 1493 usos
294 1448 365 1492 esse
387 1427 585 1494 nominibus.
628 1427 674 1493 sic
697 1428 731 1492 in
753 1427 966 1512 inscriptione
990 1451 1065 1514 qua·

49 1517 123 1582 dam
148 1514 278 1604 (Bullet.
297 1514 382 1601 Nep.
408 1517 492 1582 1847
516 1540 547 1602 p.
566 1518 622 1599 973
647 1516 687 1581 cf.
710 1515 941 1600 Marquardtus
966 1518 1065 1605 antiq.

48 1628 128 1672 rom.
152 1605 217 1670 VII
247 1607 264 1671 1
294 1628 325 1692 p.
352 1605 396 1670 23
428 1610 495 1671 not.
523 1603 560 1693 3)
588 1603 632 1670 M.
656 1603 806 1671 Cosinius
835 1603 967 1671 Priscus
1000 1613 1065 1674 tres

48 1694 149 1760 habet
181 1695 281 1779 filios,
314 1716 450 1779 quorum
481 1695 588 1780 primo
620 1695 717 1778 plane
748 1694 834 1758 idem
859 1716 944 1775 ,cum
973 1702 1065 1781 patre

48 1804 168 1849 nomen
195 1787 258 1867 est3
285 1805 390 1868 neque
417 1786 487 1848 tam
515 1783 660 1867 perfecta
685 1786 736 1848 est
758 1787 873 1848 nostra
897 1783 936 1848 do
960 1786 1064 1851 nomi·

48 1894 128 1937 num
159 1894 217 1957 per
250 1894 366 1937 aeuum
398 1871 642 1956 imperatorium
672 1894 733 1936 usu
765 1872 859 1936 ualde
886 1872 1064 1940 fluctuante

49 1965 83 2026 et
109 1962 144 2026 in
173 1961 308 2026 diuersis
336 1960 423 2026 orbis
446 1961 585 2025 Romani
611 1960 759 2044 partibus
783 1964 816 2024 et
839 1961 910 2045 ipso
935 1962 1062 2028 diuerso

50 2051 197 2136 scientia,
230 2050 306 2115 hinc
337 2054 376 2114 ut
408 2050 486 2114 certi
520 2049 643 2134 aliquid
670 2049 834 2133 possimus
863 2051 1063 2118 concludere.

48 2139 131 2203 nihil
145 2160 223 2225 ergo
239 2141 351 2203 obstat
365 2138 536 2223 quominus
548 2137 703 2214 Quintum
713 2136 890 2204 Caecilium
899 2138 1062 2224 Natalem,

49 2229 138 2293 cuius
162 2228 264 2293 filium
283 2227 430 2292 Marcum
453 2226 494 2291 ad
518 2227 708 2291 memoriam
732 2230 877 2291 nostram
901 2249 1062 2314 propaga-

48 2321 125 2381 runt
147 2317 387 2400 inscriptiones,
412 2316 650 2381 adulescentem
670 2315 793 2380 Romae
816 2314 879 2381 fori
903 2338 999 2382 usum
1019 2319 1061 2381 di·

49 2408 193 2468 scentem
214 2402 269 2491 (cf.
284 2426 309 2469 c.
325 2405 388 2487 3‚1
408 2406 492 2469 101111
507 2405 644 2486 forisque
662 2405 752 2469 lateri
771 2410 823 2469 1110
841 2405 1061 2489 inhaerentem)

49 2515 122 2557 curn
137 2491 273 2557 Octauio
288 2490 399 2557 Ostiae
419 2493 637 2576 disputauisse
653 2496 849 2577 statuamus,
867 2516 946 2558 nam
961 2495 1061 2559 filium

18 2644 22 2649 ,
48 2604 117 2646 non
145 2583 274 2646 stetisse
303 2603 322 2645 a
351 2583 441 2646 cultu
469 2582 632 2668 sacrisque
658 2582 773 2665 petris,
803 2582 831 2645 si
855 2583 987 2667 quidem
1009 2583 1061 2648 hie

48 2671 154 2736 factus
174 2675 224 2735 est
241 2669 447 2754 christianus,
470 2693 529 2735 nec
547 2671 655 2756 ipsum
675 2674 763 2736 caret
782 2671 947 2755 exemplis.
985 2671 1061 2757 quid

49 2760 135 2843 quod
158 2759 312 2836 Quintum
340 2763 467 2844 patrem
493 2782 559 2825 non
587 2759 804 2842 spernendum
833 2759 954 2824 codicis
977 2761 1061 2825 unici

47 2848 224 2933 uestigium
254 2850 346 2932 quasi
374 2850 477 2934 digito
505 2849 631 2913 intento
660 2849 844 2913 monstrat?
890 2849 947 2912 ubi
977 2851 1062 2914 enim

49 2935 207 3001 Caecilius
230 2938 369 3022 primum
393 2938 592 3020 nominatur,
615 2938 649 3001 in
673 2959 698 3002 c.
724 2939 752 3022 1,
776 2936 797 3001 5
820 2938 928 3001 uerbis
952 2940 1061 3004 inille

42 3026 208 3110 praecepere
230 3047 366 3092 sermone
389 3078 396 3093 .
416 3079 449 3093 ..
472 3047 532 3108 quo
556 3023 724 3092 0000111111
749 3047 814 3111 eqs,
838 3026 995 3091 miramur
1017 3027 1061 3092 ui·

48 3138 126 3178 uum
153 3116 252 3180 etiam
278 3119 357 3181 tunc
380 3113 558 3181 Caecilium
585 3119 654 3179 tarn
680 3115 870 3199 simpliciter
892 3115 1062 3199 introduci,

48 3205 149 3269 codex
172 3208 281 3270 autern
299 3202 466 3269 Parisinus
489 3205 571 3286 quod
592 3205 750 3269 caecilium
773 3202 930 3268 exhibens
951 3207 1061 3290 genui·

9 3312 12 3317 ·
47 3315 124 3357 nam
146 3294 319 3359 lectionem
341 3314 400 3375 quo
425 3293 459 3374 Q.
484 3292 652 3358 0000111011
674 3292 762 3358 ultro
785 3292 982 3376 suppeditat.

115 3381 203 3448 Iacto
228 3382 274 3446 sie
296 3383 390 3446 firmo
415 3382 625 3447 fundamento
646 3385 868 3466 superstruere
886 3403 1060 3466 possumus

49 3474 281 3536 accuratiorem
299 3471 338 3535 de
356 3473 512 3555 tempore,
536 3493 599 3555 quo
618 3468 773 3535 Octauius
792 3470 944 3555 dialogus
964 3471 1061 3555 scrip·

47 3561 100 3623 tus
125 3563 181 3645 sit,
210 3560 503 3644 inuestigationem.
544 3559 683 3644 legimus
706 3580 731 3623 c.
757 3561 785 3640 l,
808 3559 830 3622 4
853 3558 887 3622 in
912 3558 1061 3625 Parisino
