2378 3930
114 196 158 263 22
426 219 724 277 ruonuoouunain
828 252 832 257 .

114 355 311 415 sestertiariam
326 356 393 413 dicit
407 355 485 413 affert
500 356 631 415 decimam
645 363 767 432 partem,
785 356 803 413 i.
818 370 843 412 e.
860 354 992 427 libellam,
1006 364 1034 413 et

115 440 363 516 quadragesimam,
387 441 404 496 i.
422 456 446 498 e.
464 443 624 499 teruncium.
654 440 726 512 liae,
739 448 771 498 ut
785 439 857 511 dixi,
875 439 948 514 apud
964 438 1033 498 llae-

114 527 221 582 ciauum
236 525 269 581 ad
284 524 442 601 sestertium
458 525 630 595 referuntur3
651 534 678 582 at
690 525 800 583 caedem
812 523 878 582 olim
892 525 1033 599 pertinue-

112 618 176 667 ruut
191 610 223 666 ad
238 609 378 666 denarium
394 607 486 681 (llaec.
502 609 520 682 S
534 607 600 687 74);
618 613 671 668 iam
687 627 748 667 cum
763 610 791 666 in
806 625 836 666 ea
848 589 966 682 ratione,
985 610 1032 668 ubi

11 731 14 735 .
113 694 214 751 denarii
234 700 327 768 partes
347 701 413 749 suut
427 694 607 752 duodenariae
624 704 652 753 ct
667 695 805 770 reliquae,
824 693 883 768 ipse
902 693 1031 751 denarius

113 780 205 836 assis
227 779 315 835 instar
333 786 508 852 computetur
523 777 617 854 (supra
634 798 661 854 p.
680 780 717 836 17
733 777 784 851 s),
809 777 888 835 facile
911 776 1032 837 Graecus

112 863 233 936 scriptor
255 863 335 919 etiam
358 879 419 919 eum
441 862 581 920 denarium
603 866 650 938 qui
672 865 701 920 iu
724 862 830 920 libellas
855 870 884 918 et
911 863 1032 938 reliquas

110 954 203 1021 partes
230 946 395 1004 divideretur
423 941 572 1021 ἀεεάριον
598 965 693 1006 vocare
714 947 815 1022 potuit.
860 946 921 1004 lure
947 947 1033 1023 igitur

111 1030 267 1088 existimare
289 1032 408 1088 videmur
426 1040 519 1105 partes
537 1023 565 1090 1''
581 1040 608 1090 et
623 1025 662 1106 μ”
677 1035 704 1088 iu
730 1031 774 1088 illa
791 1030 971 1089 Alexandrina
994 1040 1033 1088 ta·

112 1112 175 1171 bula
191 1115 345 1191 significare
362 1114 482 1173 libellam
498 1125 526 1173 et
545 1118 708 1175 teruncium.

264 1283 303 1331 De
321 1281 417 1340 Festo,
437 1281 587 1346 Priamum,
607 1256 744 1340 Dardano,
763 1283 880 1347 Didymo.

44 1378 97 1437 llo
174 1385 240 1442 Post
256 1384 357 1443 librum
377 1385 410 1441 de
429 1402 490 1443 asse
507 1388 655 1445 secundum
672 1396 825 1463 temporum
842 1388 965 1445 ordinem
980 1405 1031 1462 po·

110 1471 154 1526 sul
177 1468 307 1544 reliquias
330 1488 361 1527 cx
377 1470 449 1526 Festi
466 1470 542 1528 libris
561 1473 593 1528 de
610 1472 755 1529 verborum
771 1471 972 1545 significatione
987 1488 1031 1528 re-

113 1554 223 1628 petitas,
240 1555 339 1629 quibus
358 1555 449 1611 statim
466 1556 553 1613 addidi
568 1557 644 1613 Pauli
658 1557 736 1614 locos
752 1551 844 1631 (117).
876 1555 1030 1613 Nonnullos

109 1656 194 1712 pocos
211 1638 310 1713 quibus
327 1641 458 1713 pecuniae
473 1643 582 1698 noruiua
598 1648 845 1698 commemorantur
859 1640 957 1712 modo,
973 1657 1029 1697 non

108 1718 304 1797 lciplicautur,
323 1724 449 1780 consulto
464 1727 543 1781 omisi
551 1720 579 1802 ¹).
632 1730 635 1735 '

171 1825 240 1882 Turn
262 1841 294 1881 er
308 1825 438 1882 Prisciani
461 1829 631 1900 grammatici
645 1826 738 1885 libello
755 1828 788 1884 de
803 1824 918 1899 singuris
934 1842 1030 1882 numo-

108 1925 200 1966 rorum
217 1911 308 1984 recepi
324 1918 503 1984 campartem
522 1928 592 1984 quae
613 1920 655 1968 est
672 1913 704 1968 de
722 1910 889 1986 ponderibus
907 1917 934 1967 et
950 1927 1029 1967 num-

107 1994 168 2050 mis.
214 1993 263 2050 Ubi
288 1995 395 2069 etipse
416 1996 570 2053 Priscianus
593 1996 691 2053 multas
715 2014 759 2053 rcs
783 1996 860 2053 ailert
882 1994 1027 2057 admodum

108 2078 243 2136 notabiles
260 2087 288 2135 et
303 2079 370 2136 alios
388 2080 455 2136 citat
472 2088 608 2137 auctores.
641 2083 679 2138 Ac
693 2082 853 2156 gravissima
869 2087 928 2135 erat
945 2096 1029 2153 quae·

106 2164 161 2220 stio
184 2164 217 2219 dc
240 2161 288 2219 illo
308 2164 410 2221 talcuto
431 2182 530 2238 magno
551 2166 626 2239 quod
647 2167 789 2240 octogiuta
805 2164 882 2220 libris
900 2172 927 2218 et
948 2174 1027 2238 quat·

108 2255 171 2302 tuor
192 2249 278 2304 unciis
293 2256 420 2304 constare
436 2249 552 2319 dicitur,
578 2250 610 2307 de
627 2267 681 2325 quo
697 2268 747 2306 uos
764 2248 889 2306 latiorem
903 2248 1025 2321 disputa·

105 2330 207 2386 tionem
224 2331 391 2388 instituimus
409 2333 463 2389 alio
479 2328 586 2405 loco²),
603 2352 657 2409 quc
673 2335 745 2391 iacto
764 2336 816 2390 iam
833 2335 899 2389 satis
915 2332 1027 2389 demon·

107 2421 223 2470 stratum
246 2430 305 2471 esse
320 2415 426 2473 videtur
440 2418 514 2473 nulla
530 2417 581 2474 fide
596 2419 692 2493 dignas
708 2435 768 2475 esse
784 2416 877 2475 futiles
893 2417 1026 2474 Prisciani

108 2500 369 2571 argumentationes,
387 2503 487 2576 quippe
504 2505 551 2576 qui
567 2504 750 2559 diversissima
765 2502 887 2577 pondera
902 2518 933 2559 ac
947 2518 1026 2558 num·

107 2598 166 2638 mos
182 2584 305 2658 imperite
322 2586 395 2641 inter
412 2603 441 2642 se
456 2587 610 2645 confuderit
627 2595 709 2661 atque
724 2590 835 2644 omuino
850 2586 925 2643 rudis
942 2586 1026 2642 luerit

108 2666 135 2722 in
150 2667 203 2725 hoc
218 2668 358 2726 doctrinae
376 2688 487 2745 genere.

172 2752 282 2810 llauimc
311 2756 494 2812 memorabilis
524 2757 594 2812 iuter
618 2763 745 2812 auctores
772 2757 819 2830 qui
847 2754 1024 2811 aPrisciano

105 2837 226 2892 citantur
252 2838 310 2893 sine
338 2839 420 2897 dubio
452 2847 493 2896 est
513 2841 650 2897 Dardanus
679 2841 735 2896 sive
760 2839 917 2896 Dardanius.
959 2839 1024 2894 Nam

107 2919 200 2992 priore
222 2923 280 2978 eius
297 2924 414 2980 nominis
431 2924 518 2981 lorma
536 2926 577 2981 uti
592 2925 782 2981 consuevimus
801 2923 948 2981 secundum
967 2921 1025 2977 vul·

107 3012 199 3077 gaiam
220 3007 290 3080 apud
307 3008 473 3077 Priscianum
494 3010 676 3083 scripturam,
700 3010 751 3066 etsi
768 3008 871 3066 rectius
887 3023 945 3064 meu
965 3009 1026 3081 qui·

176 3235 201 3299 1)
221 3236 289 3288 Sunt
311 3240 381 3290 haec
405 3241 476 3291 fere:
509 3256 657 3291 coruscare
677 3258 702 3306 p.
722 3243 755 3290 24
773 3239 879 3303 Mucii,
904 3239 1024 3288 dirutum

108 3320 172 3356 aere
191 3305 231 3366 69,
252 3311 378 3369 equestre
398 3323 446 3358 acu
458 3308 500 3372 81,
519 3308 687 3358 hordiurium
706 3310 825 3369 ces10‘2,
846 3306 1025 3372 piscatorium

108 3387 156 3423 aes
174 3371 246 3435 2101,
266 3373 411 3438 peculatus
429 3376 491 3426 213ι
510 3381 537 3426 et
557 3377 620 3439 236,
647 3389 752 3440 poenas
775 3374 895 3439 pendere
914 3375 976 3422 242²
996 3378 1025 3422 et

106 3442 170 3504 243,
190 3441 360 3506 resignatum
379 3457 427 3491 aes
446 3443 496 3492 '281
519 3447 546 3492 et
566 3444 636 3506 285⁸,
660 3446 862 3492 sacramentum
881 3439 958 3504 3441),
976 3445 1026 3491 sti-

92 3512 215 3570 patores
230 3510 283 3561 350
300 3513 330 3560 ct
346 3510 415 3571 351⁸,
437 3510 570 3562 Teurium
589 3524 639 3561 cea
657 3511 729 3574 350²,
746 3509 873 3573 uectigal
888 3506 965 3559 biti.

153 3574 185 3637 2)
207 3577 235 3632 V.
253 3576 400 3647 Plritolcgi
419 3578 475 3635 nol.
495 3580 579 3632 XXII
597 3596 625 3648 p.
646 3579 796 3631 ‘ibt-213.
