2378 3930
408 169 586 227 OCTAVIUS
605 187 628 226 e.
649 176 690 227 19.
710 176 752 226 20.
1044 170 1086 236 29

72 316 168 380 deum
192 315 294 379 credit
317 314 542 400 Zenonemque
569 316 838 399 interpretatione
861 316 1087 402 physiologica

72 404 107 468 in
139 403 288 482 Hesiodi,
320 403 455 469 Homeri
486 403 668 488 Orpheique
701 404 898 469 carminibus
929 404 1086 470 imitatur.

71 491 256 576 Babylonio
293 493 393 556 etiam
430 492 571 577 Diogeni
607 493 780 576 disciplina
817 498 867 558 est
905 495 1086 578 exponendi
1107 511 1138 558 12

72 581 195 660 eadem,
218 580 390 646 disserenti
413 581 502 647 Iouis
524 585 657 666 parturn
672 587 713 646 -et
735 585 843 647 ortum
865 581 1031 648 Mineruae
1055 587 1087 647 et

44 669 135 735 shoo
163 690 266 755 genus
295 673 402 735 cetera
428 691 538 752 rerum
561 670 721 736 uocabula
744 692 828 753 esse,
854 692 922 736 non
945 671 1086 736 deorum.

39 797 41 800 >
71 780 148 823 nam
182 756 368 824 Socraticus
399 757 585 843 Xenophon
619 759 759 824 sormam
797 759 849 824 dei
880 780 955 824 uere
987 764 1088 845 negat
1108 779 1139 826 13

71 847 176 911 uideri
195 868 292 930 posse
311 851 344 912 et
362 848 434 914 ideo
450 847 561 932 quaeri
577 869 644 912 non
657 852 817 932 oportere,
832 848 944 913 Aristo
959 845 1086 914 Stoicus

73 935 303 1019 comprehendi
326 936 457 1002 omnino
483 957 552 1001 non
578 958 687 1020 posse:
718 940 852 1021 uterque
881 937 1086 1002 maiestatem

73 1025 124 1089 dei
147 1024 358 1110 intellegendi
381 1025 607 1108 desperatione
631 1030 810 1090 senserunt.
846 1025 978 1091 Platoni
997 1048 1086 1110 aper·

32 1132 59 1170 10
72 1113 138 1178 tior
160 1113 199 1178 de
222 1114 282 1178 deo
307 1116 340 1178 et
362 1115 458 1179 rebus
483 1114 562 1199 ipsis
586 1117 620 1178 et
641 1115 829 1179 nominibus
853 1115 958 1180 oratio
981 1119 1031 1180 est
1055 1117 1087 1180 et

74 1223 155 1286 quae
174 1204 244 1267 tota
263 1204 348 1267 esset
366 1203 526 1287 caelestis,
549 1203 613 1268 nisi
636 1201 859 1288 persuasionis
879 1203 984 1268 ciuilis
1007 1225 1086 1268 non·

72 1311 249 1374 numquam
280 1291 479 1358 admixtione
508 1292 715 1358 sordesceret.
755 1291 887 1357 Platoni
913 1293 1024 1377 itaque
1052 1293 1087 1356 in
1108 1309 1140 1356 14

73 1379 206 1444 Timaeo
231 1379 308 1444 deus
332 1387 381 1445 est
403 1381 477 1466 ipso
497 1401 555 1445 suc
574 1381 705 1446 numine
727 1380 840 1444 mundi
862 1403 989 1466 parens,
1013 1381 1088 1445 arti-

72 1466 127 1532 fex
146 1467 282 1550 animae‚
301 1468 490 1533 caelestium
506 1471 773 1552 terrenorumque
791 1469 977 1549 fabricator,
992 1491 1086 1554 quem

34 1573 60 1613 15
75 1559 108 1620 et
130 1554 276 1619 inuenire
300 1555 430 1620 difficile
452 1577 531 1638 prae
551 1557 654 1621 nimia
672 1560 705 1620 et
723 1557 906 1622 incredibili
923 1562 1087 1640 potestate

74 1647 115 1725 et,
139 1665 212 1708 cum
234 1643 405 1728 inueneris,
427 1645 463 1708 in
480 1644 646 1728 publicum
664 1643 768 1709 dicere
786 1645 977 1728 inpossibile
995 1669 1087 1730 prae·

72 1732 171 1798 fatur.
208 1732 319 1797 eadem
346 1732 414 1796 fere
443 1736 520 1798 sunt
542 1733 618 1817 ista,
647 1754 729 1818 quae
752 1736 866 1798 nostra
894 1739 982 1820 sunt3
1012 1757 1088 1800 nam
1108 1753 1140 1801 15

74 1824 108 1886 et
140 1819 234 1886 deum
267 1820 416 1885 nouimus
449 1826 481 1885 et
513 1824 681 1905 parentem
714 1821 858 1886 omnium
891 1822 1026 1887 dicimus
1055 1826 1088 1888 et

74 1931 252 1994 numquam
265 1909 394 1995 publice
408 1909 472 1975 nisi
485 1910 683 1995 interrogati
696 1909 929 1993 praedicamus.
954 1913 1142 1994 exposui20

34 2017 61 2055 20
75 1999 244 2082 opiniones
278 1999 423 2063 omnium
453 1999 556 2064 ferme
582 1998 868 2084 philosophorum,
896 2000 1012 2082 quibus
1040 2001 1089 2065 in·

73 2087 206 2151 lustrior
230 2087 335 2171 gloria
358 2091 421 2170 est,
444 2087 538 2152 deum
562 2110 660 2152 unum
684 2088 795 2152 multis
819 2087 897 2152 licet
920 2089 1089 2172 designan-

73 2175 157 2239 tium
184 2175 387 2256 nominibus,
409 2178 447 2240 ut
470 2176 576 2260 quiuis
600 2175 783 2260 arbitretur,
807 2179 865 2241 aut
886 2198 973 2241 nunc
997 2177 1089 2242 Obri-

75 2264 200 2329 stianos
229 2263 442 2349 philosophos
471 2285 541 2330 esse
569 2269 626 2330 aut
651 2264 865 2349 philosophos
893 2265 995 2330 fuisse
1022 2266 1088 2330 iem

73 2356 150 2418 tunc
169 2350 383 2418 Christianos.
419 2353 505 2437 quod
528 2354 557 2418 si
579 2353 784 2438 prouidentia
806 2354 946 2419 mundus
964 2355 1089 2439 regitur
1108 2372 1123 2419 2

35 2458 62 2500 25
76 2446 109 2506 et
127 2443 223 2507 unius
243 2442 293 2507 dei
312 2445 393 2507 nutu
412 2442 621 2527 gubernatur,
639 2465 705 2508 non
723 2464 784 2508 nos
800 2444 896 2509 debet
911 2444 1088 2528 antiquitas

147 2672 161 2720 1
190 2667 385 2739 physiologica
402 2669 578 2725 Bwrsa’aaus:
604 2669 828 2740 physo{sogiae
851 2685 920 2726 corr.
939 2670 972 2724 ia
989 2671 1089 2738 phylo·
1169 2669 1173 2678 “

74 2736 167 2806 logias
180 2737 244 2819 Pus
265 2739 372 2794 aesiodi
385 2740 494 2794 homeri
508 2740 633 2809 orfeique
647 2740 748 2822 PUM
763 2743 806 2794 est
820 2739 977 2811 exponendi
991 2741 1089 2795 eadem

75 2807 225 2863 disserenti
242 2811 354 2879 scripsi:
373 2812 417 2865 est
434 2810 591 2880 exponendi
609 2814 638 2866 et
656 2809 812 2866 disserendi
829 2816 849 2864 P
868 2811 967 2866 eadem
986 2812 1029 2866 est
1043 2829 1089 2867 ex·

74 2878 192 2948 ponenti
210 2882 239 2934 et
257 2880 406 2935 disserenti
423 2880 557 2938 Halmius
576 2884 586 2950 ΙΙ
610 2887 626 2936 5
645 2881 916 2952 ceteraRipalts‘us:
934 2884 1090 2938 ceterarum

73 2953 118 3020 Pu
137 2956 153 3004 6
171 2950 249 3021 nam]
269 2950 326 3005 iam
344 2951 497 3019 Halmius!
516 2950 638 3008 xenofon
656 2958 676 3004 P
692 2955 696 3023 Ι
716 2967 783 3008 uere
802 2954 905 3012 ΜΗ.
924 2954 1090 3010 Kromercs:

74 3020 136 3076 ucri
153 3023 226 3091 Pss‘l
246 3021 331 3077 aristo
350 3023 476 3078 stonicus
494 3028 523 3092 P,
542 3040 611 3080 corr.
630 3025 670 3079 ed.
687 3041 732 3095 pr.
753 3023 878 3094 (Ariston
897 3027 1000 3081 mauolt
1017 3025 1089 3081 Hol-

74 3092 171 3162 mius);
189 3091 283 3147 Aristo
303 3092 388 3148 Chius
408 3094 560 3164 Geleniusll
577 3101 593 3150 8
613 3095 831 3165 compraehendi
848 3102 868 3150 P
884 3098 888 3166 Ι
908 3096 1090 3166 magistatem

75 3168 96 3216 P
118 3166 138 3244 i.
152 3168 185 3216 13
204 3163 266 3244 ipso
286 3180 335 3221 suo
355 3181 389 3220 ca
406 3164 487 3235 ipsuo
506 3181 576 3222 corr.
595 3171 615 3219 P
631 3169 635 3235 Ι
651 3167 765 3223 numine
782 3168 895 3238 scripsi:
912 3168 1024 3224 nomine
1043 3173 1063 3219 P
1081 3168 1091 3240 Η

77 3238 111 3289 15
130 3233 263 3289 muenlris
277 3240 297 3288 P
316 3253 350 3290 m.
365 3242 381 3291 1
401 3237 541 3292 inuenires
561 3254 595 3293 m.
610 3239 701 3308 21117
720 3239 779 3294 fere
797 3242 863 3294 sunt
876 3239 932 3294 ista
945 3239 1090 3296 Halmius:

75 3305 135 3360 fere
155 3308 183 3359 et
201 3304 259 3360 ista
272 3312 305 3374 P;
324 3308 446 3377 equidem
463 3310 559 3364 malim
576 3307 634 3364 fere
653 3311 683 3364 et
700 3309 764 3380 ista,
783 3327 855 3379 quae
872 3327 924 3366 nos
942 3308 1089 3380 tradimus,

77 3379 142 3430 sunt
155 3378 165 3445 ΙΙ
179 3381 213 3430 20
231 3377 347 3447 opioues
362 3396 386 3434 o.
401 3379 421 3434 f.
436 3378 638 3449 filosophorum
651 3385 671 3433 P
684 3383 695 3450 ss
708 3386 742 3436 21
757 3381 965 3450 designantium
978 3383 1090 3452 scripsi:

77 3446 240 3517 designasse
258 3454 291 3517 1³3
310 3467 349 3504 un
367 3449 569 3520 designantes?
584 3452 593 3521 ΙΙ
611 3457 645 3506 22
665 3451 770 3523 quiuis]
789 3452 851 3521 quis
869 3453 940 3508 LI.
957 3451 1089 3508 Cornelis·

76 3533 157 3574 secus
170 3521 179 3589 ΙΙ
194 3524 228 3574 23
247 3520 400 3591 filosophos
419 3523 461 3578 dis
478 3527 507 3589 P,
526 3527 558 3578 at
576 3527 601 3578 et
614 3538 645 3592 p.
664 3529 708 3594 30,
726 3529 750 3580 2.
