2378 3930
436 192 624 250 OCTAVIUS.
644 211 667 249 c.
689 199 730 249 1‘1.
1043 192 1086 257 23

73 341 285 426 distinguitur
302 340 357 404 uel
376 338 463 424 quod
480 340 515 404 in
535 338 621 403 diem
640 339 708 403 sole
726 339 899 404 lustratur:
917 338 983 405 iam
1003 337 1086 404 scies

74 451 170 515 quern
203 429 245 494 sit
272 429 307 492 in
334 450 371 493 eo
401 429 519 493 summi
551 427 764 493 moderatoris
798 427 881 492 mira
906 430 945 494 ,et
977 426 1087 492 diuina

74 519 214 584 libratio.
258 516 333 582 uide
361 520 394 581 et
421 538 543 582 annum
570 520 608 580 ut
636 516 715 581 solis
744 515 886 581 ambitus
912 515 1026 601 faciat,
1054 520 1088 582 et

75 628 219 672 mensem
246 605 321 672 uide
343 610 380 670 ut
402 606 479 671 luna
507 610 603 671 auctu
630 605 720 670 senio
743 605 856 670 labore
880 605 1086 691 circumagat.

45 696 152 780 cquid
179 695 385 760 tenebrarum
408 699 441 760 et
463 694 597 760 luminis
625 693 730 760 dicam
757 697 961 759 recursantes
988 695 1086 780 uices,
1105 707 1132 760 o·

74 789 111 849 ut
133 785 177 850 sit
198 784 293 849 nobis
317 784 423 867 operis
448 788 480 849 et
499 783 616 869 quietis
635 784 762 848 alterna
780 781 967 866 reparatio?
989 784 1087 869 relin-

72 873 199 957 quenda
217 894 294 938 uero
314 873 489 958 astrologis
508 872 665 956 prolixior
684 873 724 938 de
742 872 901 938 sideribus
920 873 1014 957 ratio,
1035 873 1087 938 uel

74 962 161 1045 quod
183 965 302 1047 regant
319 982 449 1027 cursum
467 962 648 1048 nauigandi
660 961 715 1026 uel
729 961 815 1046 quod
834 960 948 1026 arandi
966 965 1087 1026 meten·

76 1051 170 1135 dique
201 1053 330 1135 tempus
361 1050 516 1116 indicant
562 1072 644 1134 quae
672 1051 802 1136 singula
831 1072 900 1116 non
926 1051 1022 1116 modo
1050 1054 1088 1115 ut

32 1157 60 1197 ιο
74 1143 261 1204 crearentur
278 1140 394 1204 fierent
411 1139 670 1225 disponerentur,
689 1139 807 1204 summi
822 1139 947 1223 opificis
966 1143 999 1204 et
1016 1162 1086 1224 per·

73 1228 177 1294 fectus
199 1228 337 1294 rationis
359 1231 526 1314 eguerunt,
548 1249 661 1294 uerum
686 1228 785 1293 etiem
808 1229 925 1293 sentiri
946 1228 1087 1313 perspici

72 1317 220 1403 intellegi
244 1318 313 1382 sine
337 1339 464 1382 summa
487 1318 633 1383 sollertia
652 1321 686 1382 et
707 1318 833 1382 ratione
853 1338 920 1383 non
939 1322 1086 1401 possunt.

73 1406 161 1490 quid,
184 1427 258 1471 cum
276 1406 355 1472 ordo
374 1410 558 1491 temporum
577 1428 614 1471 ac
637 1406 767 1492 frugum
791 1405 904 1471 stabili
926 1405 1086 1471 uarietate
1106 1422 1121 1470 ‘1

75 1494 296 1579 distinguitur,
313 1515 423 1558 nonne
442 1499 609 1561 auctorem
627 1516 721 1559 suum
739 1498 971 1579 parentemque
988 1499 1088 1561 testa-

34 1586 129 1647 retur
155 1603 213 1647 uer
241 1603 342 1667 acque
370 1576 443 1647 c'um
472 1584 539 1647 suis
566 1583 702 1648 floribus
730 1586 763 1647 et
791 1586 898 1648 aestas
921 1603 994 1647 cum
1019 1584 1086 1649 suis

74 1670 234 1736 messibus
255 1674 288 1735 et
306 1671 451 1735 autumni
471 1671 644 1736 maturitas
659 1674 754 1753 grata
768 1675 801 1735 et
812 1671 942 1735 hiberni
956 1670 1087 1736 oliuitas

73 1759 278 1825 necessaria?
310 1760 366 1844 qui
394 1761 472 1825 ordo
499 1759 595 1825 facile
624 1760 822 1843 turbaretur,
853 1759 918 1824 nisi
946 1760 1087 1825 maxima

73 1850 200 1915 ratione
242 1849 444 1914 consisteret.
495 1848 560 1912 iam
596 1847 820 1932 prouidentiae
857 1850 1011 1933 quantae,
1046 1865 1122 1914 nea

74 1938 201 2021 hiemps
225 1938 296 2015 sola
317 1938 422 2023 glacie
445 1936 576 2003 duraret
598 1941 657 2002 aut
675 1938 746 2002 sola
764 1940 871 2001 aestas
891 1936 1004 2001 ardore
1023 1939 1088 2003 tor·

34 2044 61 2084 so
75 2030 168 2110 reret,
192 2027 340 2092 autumni
363 2030 397 2091 et
418 2027 504 2091 ueris
527 2026 668 2091 inserere
692 2026 833 2091 medium
852 2027 1087 2110 temperamen-

74 2123 158 2198 tum,
185 2120 223 2180 ut
249 2137 307 2198 per
334 2114 476 2201 uestigia
505 2136 564 2180 sua
593 2115 671 2180 anni
696 2114 889 2179 reuertentis
912 2113 1032 2179 occulti
1056 2119 1088 2180 et

74 2203 200 2268 innoxii
232 2204 391 2269 transitus
423 2204 620 2269 laberentur.
667 2202 819 2288 quicquid
852 2203 1006 2267 arborum
1038 2208 1122 2271 este

74 2292 148 2357 uide
170 2314 267 2377 quam
290 2314 308 2357 e
331 2297 438 2358 terrae
461 2293 639 2358 uisceribus
662 2293 831 2357 animatur.
868 2290 941 2355 uide
965 2291 1088 2357 fontes:

74 2386 209 2447 manant
227 2382 320 2447 uenis
339 2382 550 2466 perennibus3
568 2381 685 2447 fluuios
703 2382 844 2446 intuere:
863 2383 943 2445 eunt
962 2402 1089 2466 semper

33 2489 59 2528 2⁵
74 2472 224 2536 exercitis
242 2471 402 2556 lapsibus3
421 2471 504 2536 mari
521 2471 666 2536 intende:
684 2471 757 2556 lege
775 2470 881 2535 litoris
901 2468 1087 2556 stringitur3
1108 2488 1122 2536 1

74 2560 181 2644 aspice
196 2582 366 2626 oceanum:
384 2559 492 2625 refluit
504 2560 679 2644 reciprocis
698 2560 850 2624 aestibus.
876 2557 954 2641 quid
972 2559 1089 2643 loquar

144 2704 162 2752 4
184 2698 295 2771 labore]
318 2704 388 2766 puto
410 2697 440 2752 iu
463 2699 530 2754 orbe
550 2700 560 2769 l
584 2705 599 2753 7
623 2696 773 2767 astrologis
795 2696 1088 2781 m.1exastrclegis

74 2786 143 2824 corr.
162 2773 182 2821 P
198 2772 202 2835 Ι
218 2769 291 2823 ratio
310 2768 469 2824 Hartclius:
488 2769 579 2824 oratio
597 2774 618 2822 P
640 2771 650 2840 u
672 2774 688 2822 9
707 2768 834 2823 indicant
853 2764 888 2820 P.
907 2765 1025 2824 Damon
1048 2787 1089 2823 rn-

74 2840 179 2894 ducant
197 2845 217 2891 P
235 2841 245 2909 11
269 2845 302 2893 11
326 2838 462 2909 perspicis
485 2842 510 2909 (s
533 2841 581 2895 alt.
605 2841 814 2908 craso)1³l13
838 2837 884 2909 ac]
904 2838 958 2893 hac
975 2839 1017 2896 ed.
1031 2855 1088 2909 pr..

74 2912 143 2966 delet
161 2909 294 2966 Uscucrus
307 2910 317 2978 ΙΙ
332 2915 365 2964 16
383 2909 502 2965 hiberna
514 2915 544 2978 P,
562 2912 670 2966 correxi
685 2911 744 2964 coll.
758 2924 780 2964 c.
795 2913 839 2977 84,
855 2912 888 2962 11
903 2909 913 2978 l
927 2914 960 2963 19
976 2910 1089 2966 dumret

74 2979 1088 3055 scripsisureretPurgeretA.Kiessliu9iusll22—2Ptransituslaberen-

74 3056 121 3107 tur
140 3055 218 3122 (m.2
236 3069 270 3107 ex
288 3052 450 3107 lauerentnr
463 3052 553 3122 eoru).
572 3051 644 3106 meri
657 3051 771 3106 intende
786 3081 820 3092 -
836 3051 886 3108 stri
928 3052 991 3106 tur.
1011 3053 1090 3121 quic-

76 3123 143 3194 quid
162 3122 293 3178 arborum
313 3154 346 3163 -
366 3122 514 3177 animetur.
547 3123 643 3192 aspice
662 3137 797 3193 oceanum
812 3138 908 3177 -aes
924 3122 993 3177 ‘bus
1022 3124 1088 3179 uide

75 3197 168 3250 fontm
187 3226 220 3234 -
240 3193 415 3263 perennibus.
443 3193 543 3248 fluuios
563 3224 596 3234 -
616 3191 741 3263 lapsibus
759 3197 779 3245 P
797 3193 887 3249 trudis
904 3210 943 3262 co,
962 3198 994 3247 ut
1010 3199 1088 3264 puto,

75 3268 150 3322 mdis
172 3267 245 3335 qaod
267 3266 352 3320 uerba
370 3263 441 3319 mari
459 3264 575 3320 intende
592 3264 801 3334 -,stringitur.
837 3262 932 3348 aspice
952 3281 1088 3321 oceanum

76 3367 110 3378 -
129 3337 252 3392 aestibus
272 3337 416 3391 aberrante
434 3336 551 3392 librario
569 3353 588 3391 u
606 3335 731 3406 lapsibus
749 3337 787 3391 od
805 3336 930 3391 aestibus
948 3337 1050 3392 omaso
1062 3342 1089 3392 ct

75 3407 1105 3536 111·111’11111111111

131 3497 162 3533 ιι
221 3495 269 3532 uer
287 3495 305 3533 α
326 3495 398 3534 marr
417 3509 449 3520 -
512 3497 573 3551 mgr
647 3495 681 3550 ps
721 3496 734 3534 c
795 3494 833 3548 po

66 3549 150 3602 habet
167 3550 314 3621 Materies).
