2378 3930
372 182 555 241 OHOROGB.
574 183 616 240 111
633 189 650 239 r
670 186 797 255 (οι-το)
1049 184 1090 253 71

71 347 279 414 arbitrantur
297 367 369 413 esse
391 346 560 430 nutritum,
582 347 668 412 unde
686 344 821 413 Graeois
844 347 1033 414 auctoribus
1055 352 1093 413 ut

70 436 192 502 femori
208 434 298 502 lovis
323 434 461 501 insitum
479 435 623 501 dicerent
642 439 699 501 aut
720 435 860 501 materia
877 437 1017 522 ingessit
1035 441 1093 503 aut

71 546 174 592 error.
219 545 294 590 oras
321 528 435 590 tenent
462 524 503 590 ab
525 523 607 591 Indo
634 524 675 589 ad
703 522 840 609 Gangen
868 525 1044 610 Palibotri,
1072 540 1144 591 aet

72 612 189 697 Gange
216 613 258 678 ad
281 608 411 696 Colida,
437 612 504 677 nisi
530 612 588 678 ubi
611 613 716 697 magis
729 624 839 696 'quam
865 616 902 678 ut
924 613 1092 680 habitetur

44 705 255 785 texaestuat,
272 704 363 767 atrae
381 704 496 786 gentes
516 705 550 767 et
568 700 808 786 quodammodo
822 699 1012 785 Aethiopes.
1049 704 1092 768 ab

71 787 187 857 Colide
211 789 252 854 ad
274 788 412 855 Tamum
435 793 525 855 reeta
548 792 624 855 sunt
646 791 757 873 litora,
784 789 956 874 timidique
978 791 1093 874 populi

72 881 108 944 et
125 878 262 945 marinis
276 878 394 962 opibus
413 877 552 944 adfatim
565 878 658 944 dites.
689 878 809 943 Tamus
828 878 1092 963 promunturium
1111 894 1145 944 68

72 971 134 1050 est,
156 965 244 1052 quod
265 965 392 1032 Taurus
416 966 556 1051 adtollit,
579 964 669 1032 Golia
693 967 777 1032 alter
794 966 885 1033 ane
907 967 1011 1050 partis
1035 988 1093 1032 an-

73 1055 172 1141 gulus
199 1055 394 1138 initiumque
422 1055 533 1120 lateris
567 1055 608 1120 ad
635 1055 803 1120 meridiem
830 1055 930 1139 versi,
961 1054 1092 1141 Ganges

32 1158 59 1200 1⁰
73 1148 109 1210 at
140 1142 240 1209 Indus
273 1165 394 1208 amnes.
444 1143 502 1209 ille
533 1144 646 1209 multis
678 1144 826 1209 fontibus
858 1144 894 1208 in
924 1143 1093 1210 Haemode

71 1231 186 1298 Indiae
209 1235 319 1298 monte
342 1236 527 1316 conseptus,
550 1232 648 1298 simul
671 1254 772 1297 unum
794 1233 924 1298 alveum
946 1232 1034 1318 feeit,
1055 1234 1094 1298 fit

72 1321 219 1388 omnium
232 1321 395 1386 maximus
409 1324 443 1387 et
457 1320 577 1387 alieubi
590 1321 699 1404 latius,
714 1321 842 1405 quando
858 1322 1091 1405 angustissime

71 1409 148 1475 fluit
170 1409 281 1475 desem
304 1409 397 1475 milia
419 1431 577 1494 passuum
598 1413 729 1494 patens,
756 1410 792 1475 in
817 1412 943 1493 septem
965 1431 1024 1475 ora
1047 1411 1093 1475 di·

72 1498 249 1583 spergitur.
297 1496 397 1563 Indus
426 1520 465 1564 ex
497 1501 608 1563 monte
637 1496 862 1582 Garoparnaso
891 1503 1023 1564 exortus
1058 1503 1091 1564 et
1111 1513 1145 1563 ee

30 1599 58 1642 1⁵
73 1586 144 1652 alia
165 1585 298 1670 quidem
320 1586 455 1652 flumina
478 1586 638 1671 admittit,
667 1585 724 1650 sed
747 1585 929 1651 clarissima
952 1585 1095 1671 Cophen,

76 1673 266 1759 Acesinum,
298 1673 494 1759 Hydaspen,
526 1678 780 1760 conceptamque
812 1675 960 1759 pluribus
993 1675 1093 1741 alveis

71 1763 195 1829 undam
217 1763 286 1828 lato
306 1763 413 1846 spatio
436 1763 550 1828 trahit.
590 1763 666 1829 hine
688 1786 789 1848 paena
810 1763 948 1849 Gangen
970 1764 1095 1848 magni·

71 1851 188 1917 tudine
203 1855 371 1935 exaequat.
398 1855 474 1936 post
491 1852 549 1917 ubi
563 1873 660 1937 saepe
675 1852 800 1937 aliquot
814 1853 942 1938 magnis
956 1852 1094 1918 flexibus

73 1939 179 2006 einxit
191 1940 306 2024 iugum
320 1941 445 2026 ingens,
458 1941 580 2007 iterum
592 1945 701 2006 rectus
717 1941 904 2024 solidusque
918 1938 1095 2023 deseendit,

31 2043 60 2087 ao
74 2027 178 2094 donee
197 2027 238 2092 ad
252 2028 379 2093 laevam
398 2029 609 2113 dextramque
629 2049 663 2093 se
682 2027 836 2093 diducens
855 2028 981 2093 duobus
1000 2027 1095 2092 ostiis
1143 2105 1147 2112 Ι

72 2117 172 2201 longe
190 2116 387 2182 distantibus
406 2121 511 2183 exeat.
544 2117 585 2182 ad
604 2116 742 2181 Tamum
760 2115 869 2181 insula
887 2117 938 2180 est
955 2112 1091 2201 Chryse,
1114 2130 1150 2182 70

74 2205 117 2270 ad
141 2203 279 2290 Gangen
301 2204 444 2290 Argyre:
468 2205 572 2271 altera
595 2205 684 2270 aurei
709 2204 786 2288 soli,
808 2205 857 2269 ita
880 2208 1005 2269 veteres
1029 2209 1096 2270 tra-

74 2293 200 2378 didere,
229 2294 333 2358 altera
356 2294 517 2380 argentei,
541 2298 639 2378 atque
662 2297 699 2358 ut
722 2293 864 2358 maxime
886 2293 1016 2359 videtur
1039 2297 1096 2359 aut

77 2402 119 2446 ex
139 2403 175 2447 re
197 2403 319 2448 nomen
341 2386 398 2448 aut
422 2404 461 2447 ex
482 2383 644 2449 vocabulo
662 2382 775 2447 fabula
798 2386 857 2449 est.
902 2381 1095 2465 Taprobane

33 2482 61 2524 κ
78 2473 136 2535 aut
162 2469 295 2555 grandis
328 2469 501 2536 admodum
534 2470 643 2537 insula
675 2474 733 2536 aut
759 2471 866 2553 prima
897 2491 974 2554 pars
1007 2472 1096 2536 orbis

78 2557 275 2631 alteriusut
295 2557 486 2645 Hipparcho
510 2559 640 2643 dicitur,
668 2561 702 2625 et
725 2558 801 2642 quia
828 2558 1010 2643 habitatur,
1037 2580 1097 2624 nee

78 2646 252 2730 quiequam
275 2648 398 2713 oireum
421 2669 494 2713 eam
516 2648 581 2713 isse
600 2647 754 2726 traditur,
775 2668 877 2731 prope
900 2668 1012 2712 verum
1036 2650 1096 2713 est.

149 2827 175 2874 3.
202 2819 260 2874 imo
287 2821 316 2874 A
339 2819 408 2875 Indo
435 2836 456 2876 a
527 2827 552 2876 4.
582 2821 674 2876 solida
696 2819 724 2873 A
750 2818 850 2875 Colida
872 2818 1026 2875 Salmasius

76 2889 127 2944 ubi
144 2889 291 2946 habitetur
312 2891 340 2945 A
362 2891 396 2944 ut
420 2890 565 2946 habitetur
587 2891 712 2948 Salmous
789 2897 813 2946 6.
836 2889 925 2944 iolide
947 2891 975 2945 A
999 2889 1097 2947 Colide

76 2960 230 3017 Plotiumes
284 2960 426 3016 oudumA
444 2961 562 3016 Tamum
579 2963 678 3032 scripsi
750 2967 774 3016 7.
793 2959 913 3016 adfatim
931 2960 972 3015 A¹
991 2959 1098 3016 affatim

56 3031 120 3086 ·A¹
191 3037 216 3087 8.
236 3031 317 3086 collis
332 3031 360 3086 A
379 3030 454 3087 Colis
473 3032 598 3089 Satanas
651 3032 798 3105 alter<ae>
812 3030 840 3085 A
858 3033 975 3100 (litterm
993 3034 1025 3087 ia
1041 3050 1099 3090 ras.

76 3103 143 3159 add.
158 3103 208 3172 A³)
223 3101 297 3156 alter
310 3101 386 3157 ane
399 3104 500 3172 seripss'
555 3110 650 3161 10.11.
664 3104 765 3157 haemo
779 3101 897 3158 meridie
911 3103 940 3158 A
953 3103 1097 3159 Haemode

75 3171 175 3228 Indiae
189 3175 291 3242 seripsi
344 3178 387 3231 15.
407 3174 538 3243 eopenA
553 3173 669 3245 Cophen
688 3175 834 3229 Barbarae
888 3180 930 3231 16.
950 3173 1099 3245 agesinum

76 3244 106 3299 A
118 3244 271 3299 Asarinum
281 3245 337 3299 seri
355 3246 381 3300 si
434 3251 476 3299 24.
491 3245 594 3301 mbane
612 3261 700 3316 prone
710 3245 751 3299 A¹
763 3243 866 3299 tubane
875 3242 918 3299 A·
932 3244 1098 3316 Taprobane

74 3330 98 3370 a
148 3320 192 3371 26.
205 3317 238 3369 ut
251 3320 315 3370 oste
328 3260 493 3385 hipparcho
507 3317 572 3375 add.
587 3316 702 3372 Curtios
721 3315 897 3396 Waebsqaatb
932 3313 1096 3387 ipparehius

76 3384 106 3439 A
123 3384 288 3455 Hipparcho
307 3385 453 3441 Borboros
525 3386 575 3441 sed
598 3386 665 3456 quia
682 3387 710 3440 A
729 3386 758 3441 et
781 3401 849 3456 quia
866 3386 1027 3442 Perizonius

75 3461 122 3511 21.
142 3471 203 3510 esse
222 3455 250 3510 A
267 3456 324 3510 isse
345 3455 499 3512 Plotiaeme
