2378 3930
124 195 166 262 '¹18
474 192 653 251 POMPONII
669 193 795 251 MELAE

63 373 113 425 101
126 380 206 443 quas
225 355 426 442 Hesperidas
444 355 588 422 tenuisse
606 361 812 423 memoratur.
844 356 880 420 in
897 355 1031 422 harenis
1048 378 1145 423 mons

126 450 177 511 est
205 445 315 525 Atlas,
348 444 387 509 de
416 467 451 511 se
478 465 691 531 consurgens,
722 467 834 511 rerum
862 444 974 511 incisis
1001 445 1144 530 undique

125 535 261 620 rupibus
284 554 450 619 praeceps,
471 533 589 618 invius,
612 537 647 599 et
669 555 734 618 quo
757 532 864 618 magis
888 533 995 620 surgit
1019 533 1144 618 exilior,

125 623 182 708 qui
205 622 293 708 quod
316 622 415 688 altius
438 643 537 706 quem
559 622 702 706 conspici
724 625 836 707 potest
853 643 955 706 usque
978 625 1013 687 in
1030 622 1145 688 nubile

63 816 113 868 102
125 711 208 865 Silii
208 710 771 883 {dbiitussdlulddlalbd
771 710 1170 866 ”tardabit

123 888 252 954 insulae
275 887 443 954 abundant
464 909 524 952 sua
546 890 663 971 sponte
689 887 822 973 genitis,
850 890 890 952 et¹
907 887 1043 953 subinde
1069 887 1144 952 aliis

124 999 221 1062 super
245 976 327 1042 alios
345 975 590 1041 innascentibus
608 975 692 1042 nihil
711 975 869 1042 sollicitos
890 975 993 1060 alunt,
1014 975 1144 1042 beatius

124 1088 223 1151 quam
255 1064 341 1129 aliae
372 1065 470 1129 urbes
503 1065 658 1130 excultae.
712 1085 778 1129 una
809 1064 971 1148 singulari
1006 1063 1144 1129 duorum

123 1153 264 1220 fontium
287 1152 420 1236 ingenio
443 1153 584 1217 maxime
606 1151 762 1238 insignis:
790 1151 930 1218 alterum
953 1152 1010 1238 qui
1032 1154 1184 1236 gusta-10

123 1263 199 1307 rere
221 1241 291 1306 risu
314 1240 487 1306 solvuntur
508 1241 544 1305 in
561 1243 715 1326 mortem3
738 1241 787 1306 ita
810 1240 946 1307 adfectis
964 1239 1144 1306 remedium

63 1346 113 1396 103
124 1333 175 1395 est
207 1350 246 1394 ex
274 1329 377 1395 altero
409 1328 529 1394 bibere.
581 1330 623 1394 ab
651 1350 690 1394 eo
717 1332 826 1395 tractu
855 1351 951 1414 quem
978 1328 1068 1393 ferae
1095 1329 1144 1392 in·

124 1417 248 1483 festant
269 1417 410 1501 proximi
433 1421 511 1483 sunt
532 1416 792 1503 Himantopodes
816 1417 928 1482 inflexi
951 1417 1050 1483 lentis
1075 1437 1155 1481 cru·

123 1507 225 1589 ribus,
243 1526 325 1589 quos
344 1527 472 1590 serpere
490 1507 602 1591 potius
622 1527 720 1592 quam
737 1505 866 1590 ingredi
885 1505 1045 1588 referemt,
1068 1503 1145 1570 dein

122 1593 289 1679 Pharusii,
316 1593 490 1679 aliquando
517 1595 671 1660 tendente
700 1594 741 1659 ad
767 1591 970 1679 Hesperidas
998 1591 1142 1658 Hercule
1156 1606 1183 1648 1⁵

124 1683 221 1768 dites,
248 1703 336 1748 nune
362 1682 491 1766 inculti,
519 1686 552 1748 et
579 1684 645 1748 nisi
673 1681 760 1767 quod
788 1703 905 1767 pecore
934 1682 1066 1747 aluntur
1089 1680 1145 1746 ad·

61 1788 113 1838 104
123 1771 256 1836 modum
287 1771 410 1855 inopes.
459 1770 537 1836 hinc
564 1771 630 1837 iam
663 1771 819 1836 laetiores
851 1771 924 1855 agri
951 1769 1144 1852 amoenique

123 1861 228 1925 saltus
257 1860 339 1925 oitro
366 1858 552 1925 terebinth0
580 1861 677 1925 ebore
706 1859 882 1924 abundant.
935 1856 1145 1942 Nigritarum

123 1947 401 2031 Gaetulorumque
429 1949 554 2032 passim
586 1948 779 2034 vagantium
810 1969 852 2012 ne
882 1947 981 2013 litora
1012 1945 1145 2030 quidem

122 2037 297 2102 infecunda
324 2039 414 2120 sunt,
445 2058 590 2122 purpura
620 2040 654 2101 et
684 2036 806 2102 murice
839 2034 1072 2102 efficacissimis
1101 2034 1144 2100 ad
1157 2050 1185 2092 ιο

62 2126 325 2210 leotingendum,
349 2128 382 2189 et
399 2125 519 2210 ubique
543 2146 625 2209 quae
643 2125 770 2191 tinxere
790 2124 980 2190 clarissima.
1015 2122 1147 2207 reliqua

122 2217 173 2277 est
200 2235 258 2278 ora
284 2212 509 2279 Mauretaniae
539 2214 693 2297 exterior,
720 2217 754 2278 et
781 2214 817 2278 in
844 2213 942 2279 finem
971 2212 1022 2277 sui
1051 2210 1146 2277 fasti·

122 2301 231 2386 gantis
261 2321 295 2365 se
322 2299 453 2366 Africae
481 2301 678 2367 norissimus
707 2302 861 2386 angulus,
892 2301 996 2366 isdem
1025 2300 1144 2384 opibus

123 2388 180 2452 sed
202 2389 310 2452 minus
338 2388 437 2455 dives.
481 2393 626 2456 ceterum
654 2389 724 2455 solo
753 2390 851 2456 etiam
877 2390 976 2456 ditior
1004 2392 1037 2454 et
1060 2389 1143 2454 adeo

122 2481 183 2542 est·
194 2475 320 2561 fertilis,
342 2480 381 2542 ut
403 2477 535 2563 frugum
554 2499 676 2564 genera
692 2500 759 2544 nou
778 2500 851 2544 cum
875 2481 1026 2544 serantur
1043 2477 1183 2542 medea

122 2564 355 2650 benignissime
381 2570 544 2651 procreet,
573 2567 629 2632 sed
656 2567 814 2652 quaedam
841 2565 1020 2652 profundat
1043 2566 1144 2630 etiam

60 2669 187 2719 resnou
215 2656 295 2719 sata.
344 2654 399 2720 hie
425 2653 573 2720 Antaeus
601 2675 755 2741 regnasse
788 2656 922 2739 dieitur,
952 2658 985 2720 et
1012 2653 1144 2739 signum

122 2741 208 2825 quod
230 2740 360 2807 fabulae
380 2745 503 2809 clarum
524 2765 660 2828 prorsus
680 2742 861 2809 ostenditur
882 2743 974 2810 collis
993 2741 1143 2808 modicus

120 2829 265 2912 resupini
297 2829 440 2910 hominis
472 2832 615 2917 imagine
645 2831 794 2917 iacentis,
825 2832 915 2897 illius
948 2835 985 2896 ut
1015 2831 1142 2896 incolae

193 3043 217 3092 1.
235 3037 348 3092 harenis
361 3039 403 3092 A¹
422 3038 514 3094 arenis
527 3038 569 3096 A¹
642 3044 666 3094 2.
687 3038 756 3094 satis
774 3041 802 3095 A
815 3038 897 3094 Atlas
917 3040 1071 3096 Pbatienua

121 3115 145 3164 4.
162 3115 186 3163 5.
201 3108 231 3162 in
249 3107 330 3163 nubil
343 3108 482 3179 derigitur
494 3110 536 3165 A¹
550 3109 580 3164 in
593 3108 693 3165 nubila
707 3109 824 3180 erigitur
837 3109 878 3164 A²
950 3117 974 3167 o.
990 3118 1014 3166 6.
1033 3109 1141 3167 vertice

121 3179 172 3234 sed
189 3179 232 3233 A¹
250 3195 318 3235 eorr.
393 3187 434 3235 1³.
454 3179 681 3252 soimantopodes
700 3182 728 3235 A
751 3180 976 3250 Himantopodes
994 3181 1143 3237 Barbarus

168 3256 208 3305 15.
217 3249 334 3320 pharusi
344 3251 372 3306 A
419 3258 459 3307 18.
470 3253 561 3306 terete
574 3251 666 3306 barini
676 3254 704 3306 A
719 3251 790 3306 citro
804 3251 966 3306 terebintho
976 3251 1143 3308 Reiuolde'aa

175 3320 337 3391 nigritarum
354 3321 383 3378 A
400 3321 610 3391 Nigritarumo
682 3327 725 3376 21,
744 3321 931 3392 tinguendum
949 3323 977 3376 A
1036 3321 1142 3392 ubique

123 3392 198 3462 quod
216 3391 368 3519 Ahubiqle
390 3408 461 3461 quae
485 3393 597 3449 Vossius
669 3399 712 3449 27.
730 3394 799 3448 nota
818 3396 842 3445 A
863 3408 921 3447 non
945 3395 1008 3448 sata
1029 3391 1144 3450 Vossius

194 3467 243 3519 ant
264 3479 312 3518 eus
