2378 3930
342 199 524 258 caenosa
543 201 584 256 111
602 207 627 259 a.
647 208 663 258 a
682 205 810 274 (so-eo)
1040 202 1083 270 75

57 362 138 447 quia
152 363 239 428 vitae
252 362 396 449 spatium
409 363 543 430 dimidio
556 362 624 430 fere
639 386 737 450 quam
750 386 810 431 nos
829 365 961 451 longius
976 370 1081 452 agunt

57 450 231 536 Maerobii‚
252 471 330 536 pars
353 452 431 537 quia
453 473 493 518 ex
515 451 671 539 Aegypto
694 452 851 520 advenere
874 454 954 520 dieti
976 455 1081 520 Anto·

58 540 179 605 moles:
201 539 331 624 pnlohri
354 539 470 625 forma,
494 544 591 625 atque
614 541 759 627 eorporis
783 541 965 629 viriumque
987 565 1082 609 vene·

58 631 197 712 ratores,
218 628 322 694 veluti
346 629 544 713 optimarum
567 630 625 695 alii
646 630 814 695 virtutum.
858 631 895 696 in
918 631 985 697 illis
1008 652 1081 697 mos
1100 647 1135 698 aa

27 719 112 781 sest
139 716 192 782 oui
218 717 427 801 potissimum
453 721 591 802 pareant
618 718 725 802 speeie
748 740 786 784 ao
811 718 935 784 viribus
963 721 1082 807 legere.

58 804 148 889 apud
169 805 232 870 hos
254 804 329 890 plus
352 805 424 870 auri
446 827 545 891 quam
569 807 653 872 aeris
678 810 742 872 est:
765 806 838 872 ideo
862 807 949 892 quod
973 808 1082 874 minus

59 897 113 959 est
139 893 316 977 pretiosius
345 899 485 960 oensent.
531 916 605 960 aere
629 898 840 980 exornantur,
868 917 948 962 auro
974 895 1083 962 vinela

58 983 204 1048 sontium
226 981 400 1048 fabricant.
446 986 496 1048 est
518 983 610 1048 loeus
634 982 801 1068 adparatia
822 983 928 1068 epulis
953 1005 1082 1068 semper
1099 1001 1134 1051 al

56 1069 213 1155 refertus,
239 1073 274 1136 et
296 1071 373 1155 quia
395 1074 433 1136 ut
455 1071 537 1136 libet
559 1071 647 1138 vesei
674 1071 857 1138 volentibus
883 1072 960 1138 lieet
981 1072 1081 1139 Helia

16 1162 216 1243 satrapeaan
238 1158 419 1242 adpellant,
443 1163 476 1225 et
499 1181 582 1244 qaae
604 1160 729 1245 passim
752 1160 904 1246 adposita
927 1165 1004 1226 sunt
1027 1161 1082 1226 ad·

55 1247 192 1313 firmant
213 1247 340 1313 innasci
363 1247 501 1313 subinde
524 1247 691 1316 divinitus.
736 1252 787 1314 est
808 1251 897 1315 laous
921 1271 985 1334 quo
1008 1271 1079 1335 per·
1097 1265 1133 1316 aa

54 1334 133 1400 fusa
151 1356 289 1419 oorpora
306 1336 400 1420 quasi
417 1339 516 1402 unota
532 1339 710 1421 pernitentt
733 1337 860 1402 bibitur
877 1337 978 1424 idem3
998 1337 1079 1404 adeo

56 1426 109 1489 est
136 1423 277 1509 liquidus
305 1428 339 1489 et
366 1425 407 1490 ad
435 1424 625 1491 sustinenda
657 1446 740 1510 quae
766 1425 914 1492 incidunt
944 1430 1002 1492 aut
1033 1427 1082 1490 in·

55 1511 233 1578 mittantur
263 1513 429 1597 infirmas,
465 1516 503 1578 ut
532 1513 614 1579 folia
647 1519 748 1580 etiam
779 1514 937 1598 proximis
971 1514 1081 1581 deoisa

15 1599 230 1667 afrondibus
252 1623 319 1667 non
341 1602 527 1668 innatantia
548 1601 634 1668 ferat
657 1601 714 1667 sed
734 1623 867 1687 pessum
890 1608 924 1669 et
946 1603 1080 1687 penitus
1131 1609 1134 1614 ’

56 1688 208 1773 aooipiat
253 1693 331 1755 sunt
352 1693 386 1755 et
409 1691 617 1756 saevissimae
640 1690 729 1756 ferae
752 1693 842 1756 omni
865 1692 973 1757 eolore
996 1691 1081 1756 varii

55 1777 213 1862 lyoaones
241 1781 275 1843 et
302 1778 416 1863 quales
445 1779 629 1865 aooepimas
657 1779 824 1865 sphinges.
874 1784 950 1845 sunt
977 1780 1080 1845 mirae

56 1886 135 1931 aves
163 1869 317 1932 cornutae
344 1871 541 1953 tragopanes
570 1871 604 1932 et
630 1867 757 1952 equinis
791 1868 922 1933 auribus
955 1868 1080 1952 pegasi.

56 1957 205 2020 osterum
227 1976 300 2020 oras
324 1954 364 2021 ad
387 1977 501 2022 eurum
524 1955 734 2040 sequentibus
756 1955 841 2019 nihil
869 1956 1079 2021 memorabile
1098 1971 1133 2022 89

13 2062 43 2102 ao
56 2043 210 2109 ooourrit
253 2046 347 2108 vasta
371 2044 480 2110 omnia
501 2045 605 2109 vastis
628 2041 776 2128 praecisa
799 2043 965 2107 montibus
988 2043 1080 2126 ripae

56 2130 169 2216 potius
188 2134 266 2196 sunt
279 2154 377 2217 quam
394 2132 501 2198 litora.
537 2132 612 2197 inde
626 2133 742 2215 ingens
761 2134 796 2196 et
815 2129 884 2196 sine
899 2129 1079 2196 cultoribus

56 2224 184 2284 taetus.
230 2219 363 2285 dubium
385 2220 577 2305 aliquandiu
594 2220 659 2284 fuit
677 2221 804 2284 essetne
826 2219 917 2283 ultra
934 2219 1080 2306 pelagus,

57 2311 232 2392 oeperetne
245 2312 333 2373 terra
347 2309 527 2387 oirouitum,
541 2330 584 2373 an
597 2308 757 2373 exhausto
767 2307 868 2373 fluotu
882 2308 951 2373 sine
964 2308 1029 2374 fine
1045 2330 1079 2374 se

57 2394 174 2461 Afrioa
204 2396 404 2477 extenderet,
436 2418 549 2477 rerum
581 2401 615 2462 et
645 2395 764 2462 Hanno
798 2394 1080 2483 Carthaginiensis
1098 2414 1135 2464 so

13 2502 43 2545 ss
57 2484 267 2568 exploratum
299 2485 419 2550 missus
452 2507 472 2550 a
504 2485 583 2569 suis,
616 2506 690 2550 oum
721 2507 780 2570 per
812 2485 925 2551 ooeani
957 2487 1080 2551 ostium

57 2573 181 2638 exisset
197 2593 351 2659 magnam
364 2576 493 2658 partem
512 2573 580 2638 eius
595 2573 839 2652 oiroumveotus,
857 2593 923 2638 non
942 2594 977 2639 se
995 2574 1080 2638 mari
1170 2571 1174 2580 '

131 2770 158 2820 t.
176 2766 206 2819 et
224 2765 273 2837 qni
290 2765 318 2820 A
337 2767 423 2834 atque
442 2764 534 2836 Heqse
552 2765 599 2835 (of.
620 2765 743 2835 Partbey
758 2779 787 2833 p.
802 2765 872 2834 212)
926 2779 1082 2834 parumque

57 2836 88 2891 A
115 2834 273 2905 viriumque
299 2837 427 2892 Bursian
504 2842 528 2891 3.
552 2841 577 2890 4.
602 2834 729 2891 venerati
757 2849 818 2889 ores
850 2834 879 2888 A
901 2836 1082 2890 veneratores

57 2924 80 2962 a
156 2912 182 2960 6.
206 2913 230 2962 7.
255 2923 339 2975 quam
360 2905 418 2977 psis
446 2904 530 2976 (aeris
552 2907 645 2976 scrib.)
668 2908 713 2960 est
734 2904 800 2959 ideo
824 2904 900 2974 quod
921 2904 1015 2961 minus
1038 2908 1083 2961 est

57 2975 215 3048 preciosius
235 2976 398 3049 (pretiosius
417 2979 509 3046 scrib.)
524 2976 565 3032 A‘
584 2978 702 3047 exeeptis
720 2977 818 3032 litteras
837 2974 894 3030 sius
913 2978 946 3031 in
958 2979 1084 3048 mospius

57 3048 191 3174 ru
214 3120 220 3133 -
246 3048 481 3176 sam-21
495 3049 699 3176 uus
758 3045 1084 3174 aas

256 3138 267 3174 a
384 3135 399 3174 e
440 3137 473 3174 aa
598 3137 614 3174 v
794 3159 799 3171 .
851 3159 857 3173 .
994 3136 1015 3173 n

58 3125 256 3245 ffl'
330 3196 372 3245 11.
391 3190 457 3262 <est
489 3126 675 3259 whose)
690 3189 730 3242 A⁸
802 3193 844 3243 16.
860 3186 994 3243 feraeA¹
1012 3206 1083 3248 sorr.

132 3267 174 3316 18.
188 3263 426 3332 tragappomenes
482 3262 653 3331 tragopanes
672 3259 785 3315 Visetur
840 3258 950 3328 equinis
965 3259 1081 3315 auribus

58 3334 89 3388 et
102 3332 131 3386 A
148 3333 179 3388 et
197 3331 307 3400 equinis
326 3331 440 3386 auribus
458 3331 606 3388 Barbarus
678 3337 721 3386 22.
739 3331 847 3386 tractus
866 3347 916 3387 ora.
930 3331 959 3386 A
978 3332 1043 3387 add.
1062 3347 1084 3386 co

113 3408 156 3458 28.
176 3403 313 3458 exhausta
330 3401 423 3456 fraotn
441 3402 470 3456 A
488 3403 624 3457 exhausto
643 3400 731 3456 fluotu
754 3401 866 3458 Vossius
920 3407 1085 3456 navorum

56 3474 89 3528 et
107 3473 132 3527 si
150 3474 178 3528 A
195 3489 295 3528 rerum
313 3475 342 3528 et
363 3474 516 3530 Pintiusus
587 3479 631 3528 26.
651 3472 758 3528 exissut
777 3473 817 3527 A¹
836 3471 941 3528 exisset
962 3471 1003 3526 A·
