2378 3930
119 242 162 311 38
466 244 647 302 POMPONII
665 245 789 301 MELAE

116 409 217 497 etiam
249 430 341 493 num,
373 408 609 494 delubrumque
641 408 787 493 Olympii
818 408 921 487 Iovia,
959 407 1134 473 certamine

115 497 268 582 gymnico
297 502 330 564 et
358 497 519 582 singulari
546 497 736 582 sanctitate,
764 498 836 582 ipso
865 496 994 581 quidem
1021 499 1135 562 tamen

116 586 289 652 simulacro
331 585 416 675 quod
452 584 587 651 Phidiae
624 606 704 670 opus
746 588 797 651 est
833 586 974 650 maxime
1014 585 1134 650 nobile.

60 689 95 740 43
115 673 290 740 Arcadiam
316 674 611 759 Peloponnesiacae
643 677 764 759 gentes
784 673 924 759 undique
954 675 1133 760 incingunt.

114 762 211 828 inea
235 766 312 830 sunt
334 763 431 829 urbes
455 761 608 847 Psophis,
631 762 754 847 Tegea,
781 760 1017 846 Orchomenos,
1044 779 1160 828 mon-⁵

113 855 165 916 tes
187 851 326 936 Pholoe,
353 850 535 938 Cyllenius,
556 850 766 930 Parthenius,
789 849 971 934 Maenalus,
998 852 1134 917 flumina

112 939 339 1025 Erymanthus
377 943 411 1004 et
442 938 572 1029 Ladon,
613 941 649 1004 in
683 938 827 1005 Aetolia
849 937 1057 1024 Naupactos,
1099 941 1133 1004 in

112 1029 299 1096 Acarnania
326 1026 457 1093 Stratos
485 1028 617 1112 oppida,
648 1023 684 1092 in
710 1026 812 1111 Epiro
839 1026 1010 1094 Dodonaei
1042 1027 1132 1094 Iovis

114 1118 287 1202 templum,
314 1121 347 1182 et
373 1117 448 1181 fons
476 1116 549 1181 ideo
577 1137 681 1200 sacer,
709 1117 795 1200 quod
822 1137 895 1187 cum
923 1117 969 1182 sit
993 1116 1131 1202 frigidus

114 1210 147 1271 et
170 1205 331 1270 inmersas
348 1203 437 1270 faces
460 1205 544 1269 sicut
566 1204 665 1270 ceteri
683 1205 864 1291 extinguat,
886 1198 943 1270 ubi
965 1205 1036 1270 sine
1054 1205 1130 1290 igne
1146 1221 1172 1261 10

57 1309 95 1359 44
113 1294 228 1378 procul
251 1294 465 1359 admoventur
493 1293 651 1360 adcendit
696 1297 731 1358 at
754 1312 826 1358 cum
854 1293 954 1359 litora
977 1294 1133 1380 leguntur

113 1406 133 1447 a
164 1383 391 1468 promunturio
424 1381 562 1467 Sepiade
593 1378 652 1467 per
675 1380 870 1447 Demetrion
902 1385 935 1446 et
961 1380 1072 1448 Halon
1099 1386 1133 1446 et

112 1470 250 1539 Pteleon
272 1475 306 1537 et
328 1471 478 1538 Echinon
506 1471 547 1536 ad
569 1469 772 1556 Pagasaeum
801 1470 907 1535 sinum
936 1492 1048 1536 cursus
1073 1475 1133 1536 eat.

111 1560 167 1625 ille
193 1561 307 1626 urbem
335 1559 486 1646 Pagasan
515 1559 680 1644 amplexus
712 1580 840 1623 amnem
868 1556 1047 1643 Sperchion
1080 1580 1133 1624 ac-

112 1649 206 1735 cipit,
230 1652 272 1715 et
302 1649 379 1735 quia
406 1647 537 1732 Minyae
566 1645 723 1713 Colchida
754 1649 902 1731 petentes
934 1647 1010 1713 inde
1038 1646 1131 1733 Argo
1146 1661 1171 1703 1⁵

58 1752 92 1802 45
111 1759 229 1803 navem
252 1738 379 1803 solvere
400 1739 606 1802 memoratur.
651 1736 693 1800 ab
716 1756 754 1800 eo
778 1735 819 1800 ad
838 1733 975 1801 Sunium
996 1736 1131 1801 tenden-

112 1826 200 1892 tibus
219 1825 278 1891 illa
292 1825 571 1912 praenaviganda:
588 1823 746 1889 Maliacus
766 1828 799 1888 et
812 1823 975 1909 Opuntius
990 1825 1130 1910 grandes

114 1915 219 2000 sinus,
252 1918 286 1979 et
318 1915 353 1979 in
384 1914 436 1979 his
469 1934 637 1978 caesorum
669 1913 769 1978 etiam
796 1912 963 1978 Laconum
995 1916 1131 1997 tropaea

112 2003 365 2088 Thermopylae,
389 1996 510 2087 Opots,
534 1999 693 2086 Scarphrt,
716 1998 897 2088 Cnemides,
920 2001 1039 2086 Alope,
1063 1999 1130 2067 An·

111 2092 247 2177 thedon,
278 2091 475 2174 Larumnae,
502 2089 611 2176 Aulis,
637 2090 919 2175 Agamemnoniae
946 2089 1131 2156 Graiorum·
1145 2104 1171 2144 20

112 2202 175 2265 que
198 2180 313 2246 classis
335 2181 373 2266 in
393 2179 525 2245 Troiam
548 2179 789 2245 coniurantium
812 2179 927 2263 statio,
954 2177 1132 2245 Marathon

111 2288 307 2354 magnarum
334 2269 575 2352 multarumque
598 2267 770 2332 virtutium
797 2267 893 2331 testis
916 2268 983 2332 iam
1011 2266 1087 2332 inda
1111 2290 1131 2332 a

57 2370 93 2422 46
112 2355 255 2441 Theseo,
290 2355 423 2422 Persica
454 2357 593 2421 maxime
631 2354 722 2421 elada
754 2359 927 2440 pernotus;
958 2355 1130 2421 Rhamnus

110 2466 227 2530 parva,
259 2443 407 2510 inlustris
434 2448 558 2529 tamen,
587 2443 672 2529 quod
699 2445 735 2509 in
765 2465 804 2508 ea
830 2444 943 2510 fanum
971 2448 1021 2510 est
1049 2442 1131 2509 Am·

110 2532 239 2617 phiarai
266 2536 300 2598 ct
320 2531 477 2599 Phidiaca
504 2532 669 2616 Nemesim
698 2531 856 2599 Thoricos
885 2536 918 2598 et
946 2532 1129 2600 Brauronia
1144 2543 1170 2586 2⁶

111 2622 191 2686 olim
224 2622 321 2687 urbes
353 2621 419 2686 iam
450 2625 582 2686 tantum
613 2621 756 2708 nomina.
807 2618 943 2687 Sunium
974 2644 1130 2707 promun-

103 2709 234 2821 turium
265 2713 328 2793 est,
360 2710 497 2794 finitque
529 2709 562 2774 id
592 2709 670 2774 litus
699 2708 857 2775 Hellados
885 2709 971 2794 quod
1003 2714 1129 2794 spectat

184 2889 207 2937 1.
228 2881 380 2937 certamine
399 2881 440 2937 A¹
463 2898 532 2938 corr.
605 2888 629 2939 5.
650 2881 727 2937 tenia
744 2883 772 2936 A
791 2882 886 2952 Tegea
905 2883 1059 2938 Piaticcas

110 2960 134 3009 6.
156 2952 282 3022 cyllenus
300 2952 329 3007 A
348 2951 523 3023 Cyllenius'o
597 2959 620 3008 7.
639 2954 780 3023 naupacto
794 2952 822 3007 A
877 2959 920 3010 10.
938 2953 1074 3008 inmersas
1089 2951 1130 3006 A¹

110 3024 255 3080 immersas
265 3023 305 3079 A·
360 3029 402 3080 11.
417 3023 551 3079 adcendit
558 3021 599 3078 A'¹
613 3022 744 3078 accendit
753 3023 793 3078 A·
844 3030 886 3080 12.
897 3041 914 3078 a
927 3030 1130 3094 1111111111-

109 3095 185 3150 turio
213 3096 276 3152 cdd.
306 3094 347 3150 A*
423 3094 578 3150 demetrian
606 3095 635 3149 A
660 3094 825 3150 Demetrion
854 3094 967 3151 Vocatus
1043 3093 1131 3148 halon

109 3164 137 3220 A
155 3165 248 3220 Halon
265 3182 286 3223 a
347 3170 389 3221 15.
409 3165 539 3221 cholcida
556 3166 585 3220 A
646 3172 688 3222 16.
706 3168 897 3221 memorantur
914 3166 942 3221 A
959 3167 1131 3220 memoratur

109 3252 126 3294 c
182 3243 224 3293 11.
243 3235 390 3292 malliacus
404 3236 432 3290 A
487 3242 528 3294 18.
548 3240 648 3308 tropea
666 3236 694 3291 A
754 3243 795 3293 19.
814 3237 1029 3307 thermophylae
1048 3236 1076 3290 A

110 3323 191 3363 orces
205 3306 233 3362 A
246 3306 339 3379 Opoer
353 3308 499 3364 Barbarae
554 3308 699 3378 carphaA
714 3307 838 3379 Scarpha
855 3308 967 3364 Vossius
1022 3314 1063 3362 19.
1083 3313 1127 3362 20.

109 3377 275 3434 antedonA
346 3385 389 3434 22.
409 3379 557 3434 virtutium
574 3379 656 3436 atcA
728 3385 771 3436 23.
790 3380 907 3435 thesaeo
921 3378 949 3432 A
1004 3376 1129 3433 thamnis

110 3450 138 3503 A
161 3449 305 3504 Rhamnus
328 3450 475 3506 Barbarae
551 3448 1012 3510 acinlustrisA¹i11ustrisA¹
1085 3454 1128 3504 25.

109 3520 242 3590 phoriccs
257 3520 285 3575 A
299 3520 435 3577 Thoricos
449 3521 596 3577 Barbarae
644 3520 782 3578 bauronia
795 3521 823 3574 A
841 3519 996 3575 Brauronia
1016 3519 1129 3575 Vossius
