2378 3930
108 216 154 280 40
465 211 611 333 umucp
627 211 767 267 Pamcls

109 360 217 446 magis
250 361 284 440 [a
313 357 548 437 sacerdotibus]
582 379 681 441 quam
713 357 798 421 infer
827 378 902 420 aras
930 359 965 420 et
991 354 1122 422 delubra

109 448 325 514 condicuntur
344 452 467 530 stupra,
488 449 673 510 tractantur
689 445 861 528 lenocinia,
881 444 1044 510 adulteria
1061 468 1123 510 me

109 535 279 601 ditantur?
309 534 512 620 frequentius
539 533 677 618 denique
705 534 740 598 in
767 533 971 598 aedituorum
998 534 1122 598 cellulis

110 648 209 710 quam
236 625 273 689 in
296 624 377 708 ipsis
400 623 612 707 lupanaribus
635 622 778 706 flagrans
801 621 901 687 libido
926 622 1122 706 defungitur.

59 729 91 778 12
111 718 144 779 et
163 717 273 779 tauma
292 715 369 777 ante
387 734 443 777 eos
458 711 518 776 deo
533 711 740 795 dispensante
756 710 810 775 diu
828 728 931 796 regna
947 715 1123 777 tenuerunt
1144 731 1155 772 s

110 801 255 886 Assyrii,
277 800 379 884 Medi,
401 799 529 883 Persae,
552 798 668 864 Graeci
690 799 791 864 etiam
809 802 843 863 et
860 798 1029 884 Aegyptii,
1052 821 1122 865 eum

109 889 280 975 pontifices
308 893 340 954 et
367 889 493 954 eruales
522 891 556 952 et
582 889 681 953 salios
708 892 741 954 et
763 888 904 952 uestales
928 893 962 952 et
985 908 1121 974 augures

109 1001 175 1044 non
199 978 358 1043 haberent
380 999 439 1042 nec
461 977 568 1060 pullos
592 998 693 1041 cauea
714 977 867 1059 reclusos,
890 998 1028 1060 quorum
1051 976 1121 1043 cibo

58 1065 162 1132 souel
185 1066 318 1132 fastidio
341 1088 393 1131 res
416 1067 547 1149 publica
573 1087 700 1130 summa
727 1067 901 1150 regeretur.
946 1065 1014 1129 iam
1038 1066 1121 1130 enim

109 1157 206 1221 uenio
226 1155 267 1220 sd
285 1155 342 1219 ills
360 1154 506 1238 auspicia
520 1157 553 1218 et
570 1154 707 1240 auguris
720 1153 879 1237 Romans,
898 1175 981 1238 quae
997 1176 1120 1220 summo
1133 1173 1156 1214 ro

108 1244 220 1327 lebors
253 1244 389 1309 collecta
419 1246 560 1308 testatus
588 1263 622 1307 es
652 1245 686 1306 et
712 1241 913 1326 paenitenter
941 1242 1065 1307 omissa
1091 1246 1122 1307 et

74 1334 286 1398 sobseruata
312 1331 457 1395 feliciter.
500 1329 633 1397 Clodius
665 1330 792 1396 scilicet
819 1333 852 1395 et
880 1329 1063 1395 Flaminius
1091 1335 1121 1395 et

109 1419 220 1485 lunius
243 1418 315 1484 ideo
339 1419 497 1484 exercitus
520 1419 738 1503 perdiderunt,
761 1418 847 1504 quod
865 1419 1030 1502 pullorum
1049 1419 1121 1485 soli·

74 1525 90 1573 3
110 1508 243 1573 stimum
261 1507 437 1591 tripudium
457 1507 707 1591 exspectandum
725 1529 789 1572 non
809 1511 1017 1591 putauerunt.
1047 1508 1120 1593 quid

108 1595 277 1682 Regulus?
305 1618 412 1661 nonne
431 1594 568 1680 auguria
587 1596 732 1661 seruauit
749 1599 783 1660 et
801 1601 915 1681 captus
935 1596 1007 1661 est?
1031 1595 1120 1661 Man·
1133 1615 1155 1656 rs

110 1687 200 1750 cinus
228 1685 419 1769 religionem
446 1684 563 1748 tenuit:
591 1688 625 1748 et
646 1685 707 1749 sub
731 1684 843 1770 iugum
871 1685 991 1750 missus
1019 1688 1122 1750 estet

110 1773 246 1839 deditus.
278 1774 385 1858 pullos
404 1772 517 1838 edaces
540 1773 657 1840 habuit
679 1776 711 1837 et
729 1771 863 1838 Paulus:
887 1772 973 1858 apud
992 1771 1121 1839 Cannas

109 1866 220 1927 temen
253 1883 325 1927 cum
358 1861 479 1926 maiore
511 1862 623 1946 populi
649 1859 792 1929 Romani
818 1865 911 1944 parte
938 1866 1120 1946 prostratus

74 1968 91 2015 4
110 1955 168 2016 est.
193 1949 293 2015 Gaius
308 1948 436 2032 (laesor,
453 1971 495 2014 ne
515 1954 591 2015 ante
609 1951 760 2014 brumam
777 1949 812 2013 in
827 1947 972 2014 Africam
989 1951 1122 2037 nauigia

110 2040 347 2103 transmitteret
362 2038 505 2123 auguriis
521 2042 554 2102 et
568 2038 721 2121 auspiciis
739 2037 965 2122 retinentibus,
985 2040 1120 2122 spreuit:
1134 2059 1155 2100 n

76 2144 91 2193 5
111 2150 148 2192 eo
173 2128 301 2192 facilius
326 2131 359 2191 et
381 2127 550 2211 nauigauit
573 2130 605 2190 et
628 2127 715 2190 uicit.
753 2148 834 2209 quae
852 2149 929 2191 uero
949 2133 982 2191 et
1001 2132 1122 2212 quante

110 2217 149 2281 dc
169 2217 308 2282 oraculis
330 2215 528 2299 persequar?
555 2218 631 2297 post
649 2217 787 2279 mortem
806 2213 1028 2298 Amphiaraus
1047 2238 1121 2280 uen-

109 2308 183 2369 tura
203 2304 379 2388 respondit,
398 2305 452 2387 qui
471 2303 634 2386 proditum
653 2303 693 2366 iri
713 2325 746 2367 se
766 2305 807 2367 ob
827 2303 948 2368 monile
962 2304 1009 2369 ab
1024 2327 1121 2368 uxore

109 2392 258 2456 nesciuit.
299 2391 439 2454 Tiresias
469 2393 610 2472 [caecus]
638 2391 748 2455 future
776 2391 920 2475 uidebat,
949 2392 1005 2477 qui
1034 2415 1122 2476 prae·

76 2499 91 2547 a
111 2481 216 2544 sentia
235 2501 300 2544 non
319 2479 459 2544 uidebat.
491 2478 528 2542 de
547 2478 677 2562 Pyrrho
695 2480 821 2544 Ennius
841 2479 1004 2565 Apollinis
1024 2479 1121 2564 Pythi
1134 2499 1155 2539 so

110 2590 265 2651 response
298 2567 484 2651 confincxit,
516 2589 589 2632 cum
621 2569 686 2631 iam
718 2568 837 2650 Apollo
869 2590 984 2633 uersus
1018 2569 1121 2634 facere

110 2658 261 2742 desisset3
286 2659 375 2722 cuius
394 2659 472 2720 tunc
492 2659 623 2719 cautum
642 2657 721 2720 illud
741 2662 774 2722 et
798 2657 985 2741 ambiguum
1006 2657 1123 2722 defecit

110 2747 287 2829 oraculum,
312 2769 384 2811 cum
409 2749 441 2809 et
464 2745 633 2828 politiores
656 2745 805 2810 homiues
825 2750 857 2809 ct
875 2747 982 2810 minus
1002 2746 1122 2811 creduli

110 2857 179 2899 esse
202 2839 383 2919 coeperunt.
417 2838 450 2898 et
469 2833 715 2918 Demosthenes,
739 2834 824 2918 quod
848 2835 945 2898 sciret
967 2856 1123 2918 responsa

183 3069 196 3115 1
217 3081 234 3118 a
248 3062 439 3118 sacerdotibus
453 3061 560 3115 seclusit
576 3058 719 3128 Scioppius
735 3064 738 3127 Ι
754 3059 874 3114 interius
889 3068 908 3113 P
922 3078 956 3113 ne.
971 3066 987 3114 1
1003 3063 1043 3130 {12
1059 3078 1121 3116 con-

110 3135 248 3189 ducuntur
266 3142 294 3202 P,
314 3150 380 3188 corr.
402 3132 518 3186 Ursinus
531 3132 570 3198 llil
590 3130 652 3184 ciuo
674 3137 693 3182 P
712 3149 745 3184 ne.
766 3137 780 3184 1
795 3134 805 3199 i
820 3137 851 3184 11
873 3147 901 3185 es
919 3129 1062 3187 Gelenius:
1080 3136 1123 3187 est

109 3210 128 3255 P
145 3205 149 3275 l
165 3206 323 3273 penitentes
340 3206 430 3272 Pll12
451 3201 583 3256 Claudius
599 3202 763 3270 Menesiusll
779 3209 820 3269 13,
838 3207 870 3255 14
889 3202 1121 3258 sollemnisimum

109 3280 137 3341 P,
157 3293 224 3331 corr.
247 3276 375 3332 Gelenius
389 3276 398 3343 ll
413 3279 445 3327 15
465 3271 577 3341 ergurie
595 3274 686 3338 21118
705 3271 804 3341 populi
822 3272 942 3327 Romani
957 3273 988 3326 P.
1004 3273 1121 3329 Daniel:

109 3346 177 3415 reip.
193 3349 230 3418 Pl
241 3355 274 3402 20
288 3344 473 3402 renitentibus
483 3349 511 3409 P,
526 3359 593 3397 core.
615 3342 731 3397 Ursinus
747 3347 751 3412 Ι
768 3344 875 3416 spreuit
888 3349 908 3395 P
921 3346 930 3413 ΙΙ
944 3348 987 3408 20,
1003 3349 1036 3398 21
1054 3351 1122 3413 puto

110 3419 219 3485 spreuit
237 3435 282 3474 ea:
302 3417 412 3473 facilius
426 3417 436 3485 ΙΙ
454 3420 488 3468 22
508 3429 661 3483 prosequar
678 3419 707 3476 P,
727 3415 855 3483 eorrenill
873 3420 907 3468 23
925 3413 1069 3484 proditum
1087 3414 1122 3469 iri

110 3503 139 3540 se
159 3507 192 3543 eu
209 3490 347 3560 prodituis
365 3487 420 3542 rise
439 3501 507 3540 corr.
527 3484 617 3552 21124
636 3483 677 3538 ire
696 3484 751 3538 sias
766 3491 786 3537 P
802 3495 806 3548 Ι
823 3502 921 3539 caecus
939 3485 1048 3540 seclusit
1061 3485 1121 3541 Da-

109 3559 214 3624 nisius;
232 3580 270 3614 an
289 3577 375 3628 aeque
390 3558 405 3612 ?
420 3559 429 3625 ll
444 3562 477 3610 25
497 3557 600 3624 phyrro
619 3561 638 3606 P
655 3563 659 3619 Ι
675 3557 736 3624 pyti
755 3562 781 3609 P.
