2378 3930
177 184 239 249 124
462 206 559 249 viem
578 204 780 248 resonum.
950 134 953 139 Ι
1014 180 1108 271 [129]¹

176 340 282 418 digitos
296 338 358 399 xri.
395 337 536 417 pedibus:
557 332 612 416 'pes
634 336 749 414 palmos
763 336 825 397 illl.
864 334 987 397 cubitis:
1011 334 1097 397 cubi·

177 452 223 521 tus
240 440 347 518 pedem
372 441 471 499 semis.
506 437 662 517 gradibus:
685 437 795 515 gredm
817 435 907 497 babet
928 434 1023 514 pedes
1039 436 1096 497 lis,

177 540 328 620 piscibus:
351 558 455 617 possus
470 538 560 599 babet
575 539 666 616 pedes
681 541 713 599 V.
748 537 954 615 decempedis:
976 537 1097 597 decem-

177 642 252 719 peda
268 641 360 719 pedes
374 640 409 699 X.
428 658 434 668 ·
450 639 579 700 actibus:
603 649 686 699 ectus
700 637 791 698 habet
805 639 897 716 pedes
912 636 998 697 CXX.
1038 644 1098 697 ste·

144 754 159 801 o
178 741 248 801 diis:
271 741 396 801 stadium
419 739 509 800 hebet
531 741 623 819 pedes
646 739 780 800 DCXXV.
825 738 974 798 miliariis:
1001 736 1097 797 milie-

178 844 254 903 rium
278 841 418 919 habetp.
439 827 475 900 P.
535 885 540 893 .

241 939 271 1001 2.
295 943 350 1002 Pes
373 950 537 1019 prostratus
560 943 601 1001 sio
624 940 845 1001 observabitur:
870 940 952 1000 dnois
967 939 1097 1016 longitu-

178 1044 277 1103 dinem
301 1061 354 1120 per
379 1041 576 1123 latitudinem:
600 1043 671 1101 facit
694 1026 853 1100 embadon

241 1140 270 1203 3.
295 1143 350 1202 Pes
379 1143 536 1220 quadrato·
563 1143 605 1202 sic
627 1141 848 1201 observabitur:
879 1140 1097 1219 longitudinem

130 1255 161 1303 10
180 1261 233 1322 per
256 1242 438 1302 latitudinem
462 1244 625 1310 metiemur,
650 1242 756 1303 deinde
779 1260 833 1320 per
857 1242 1094 1310 erassitudinem,

182 1352 210 1405 et
233 1346 275 1403 sio
298 1344 385 1402 efficit
409 1344 498 1419 peries
520 1342 637 1402 solidos.
967 1326 974 1333 ⁸

241 1441 270 1502 4.
295 1444 351 1502 Pes
373 1444 534 1521 quadratus
557 1461 701 1502 concavus
724 1444 802 1521 capit
824 1443 970 1503 emiorum
991 1435 1096 1502 trimo·

179 1528 265 1587 diam.

173 1686 175 1691 .
241 1626 271 1689 5.
296 1628 326 1687 lu
351 1630 483 1688 centurie
507 1629 569 1704 agri
590 1628 691 1703 iugera
708 1627 761 1698 CC,
786 1628 874 1687 modii
889 1627 946 1688 DC.
985 1629 1016 1687 in
1038 1629 1095 1687 cir·

130 1739 162 1786 15
181 1733 260 1790 curn
276 1715 432 1807 peosv'un
457 1728 502 1787 oo
525 1728 622 1788 naon.
661 1732 691 1788 n
714 1748 747 1788 ea
771 1729 878 1804 perum
902 1714 1022 1790 noceo
1044 1745 1097 1806 per

179 1816 313 1899 nocco,
344 1846 446 1906 passus
475 1828 670 1889 cooouxxx
697 1847 752 1906 po
775 1828 983 1897 oocouxxx,
1014 1839 1096 1889 actus

180 1931 232 1991 XX
255 1949 309 2008 per
332 1929 398 1998 XX,
423 1929 519 1988 cubita
544 1930 632 1990 oebC
654 1942 708 2008 per
731 1930 828 1990 oeDC.

243 2030 272 2091 6.
297 2030 390 2090 Pedes
419 2033 502 2089 utin
526 2031 641 2091 cubitos
664 2031 848 2108 redigamus,
878 2021 997 2107 semper
1020 2030 1096 2090 duoo

179 2134 269 2193 octies
285 2143 313 2191 et
329 2148 413 2190 sumo
429 2140 543 2208 portem
560 2131 627 2191 Xil:
653 2141 740 2191 erunt
757 2131 864 2191 cubita.
904 2130 1003 2190 cubita
1027 2148 1095 2190 vero

128 2240 160 2287 20
179 2242 212 2292 ut
240 2235 270 2291 in
300 2232 390 2307 pedes
419 2233 602 2308 redigemus,
632 2250 750 2308 semper
780 2233 855 2291 duco
886 2232 1047 2291 duodecies
1068 2240 1095 2289 et

180 2350 265 2390 sumo
289 2340 403 2408 portem
428 2340 573 2391 octavam:
599 2341 685 2390 erunt
708 2320 811 2409 pedes*

182 2579 250 2643 129.
290 2580 508 2641 tiienoorurum
531 2581 640 2644 tabula
663 2602 744 2662 quae
765 2602 804 2643 em
825 2582 907 2644 libro
923 2581 1020 2643 Bulbi
1040 2601 1092 2643 eo·

140 2687 143 2691 '
466 2691 575 2760 cerptu
598 2702 666 2743 esse
689 2685 813 2744 dicitnr.

460 2815 543 2879 (vide
562 2818 631 2883 prol.
650 2819 665 2880 ἕ
684 2821 746 2882 121,
765 2818 812 2882 ΙΙ.)

128 2972 161 3020 25
245 2951 272 3012 1.
296 2954 434 3012 Centurio
458 2952 546 3012 babet
568 2955 634 3031 ped.
659 2941 777 3016 nocue
799 2973 853 3032 per
876 2941 1006 3026 linceo,
1030 2970 1093 3032 pos-

179 3071 228 3111 sus
252 3051 445 3113 CCCCLXXX
469 3072 524 3131 per
547 3055 750 3123 CCCCLXXX
780 3065 862 3115 ectus
884 3056 936 3115 XX
956 3073 1010 3131 per
1033 3054 1093 3121 XX,

179 3151 276 3212 cubita
307 3153 476 3231 oeDC‘per
504 3157 606 3224 oenc,
637 3159 763 3234 porticos
793 3156 888 3217 CCXL
910 3174 965 3234 per
989 3154 1092 3222 CCXL.

179 3270 268 3330 agnes
298 3255 344 3314 DC
372 3273 425 3332 per
454 3256 516 3323 DC,
547 3258 742 3337 decempedas
765 3243 836 3317 [Vbi
862 3257 918 3317 DC.
963 3258 1038 3317 iiunt
1065 3257 1094 3315 in

246 3440 287 3489 25.
307 3435 368 3503 per]
389 3439 443 3503 ped
461 3441 486 3487 A
573 3442 615 3490 27.
636 3441 731 3490 cubita
750 3468 781 3475 -
800 3443 840 3491 28.
858 3427 936 3491 iuri
954 3440 1015 3506 DC]
1034 3441 1096 3489 doec

169 3527 212 3575 rt'c
227 3528 330 3590 certiora
347 3525 373 3574 in
391 3524 418 3574 Α
437 3520 540 3589 (deletio
558 3526 590 3574 iis
609 3539 674 3590 quoe
691 3526 763 3573 tomis
780 3526 879 3571 incluso
896 3524 978 3585 sicuti:
1003 3525 1098 3573 cubito
