2378 3930
120 197 226 255 XXXII
425 195 597 253 EDITORIS
615 196 831 254 PRAEFATIO.

123 343 342 428 aufgefunden
364 339 412 428 (1)
439 341 506 407 und
535 343 598 407 den
624 341 803 408 Menschen
836 341 981 407 dadurch
1007 339 1134 408 Nutzen

121 431 279 549 geschafft
305 429 433 496 haben’.
475 451 595 515 ergone
620 429 779 497 ³errando’
808 429 863 496 hic
889 431 1000 497 ualere
1027 434 1135 514 potest

121 518 437 586 ³merroribus'?
422 523 459 584 ιιι
481 541 559 584 uero
583 518 653 584 dele
680 523 786 584 totam
813 519 894 584 illud
917 518 1101 584 ³errando
1091 541 1137 584 m·

120 609 228 674 uentis
251 609 346 674 nouis
370 606 587 693 frugibus’ut
550 608 742 673 utlectoria
764 607 870 673 nostri
888 607 1062 673 christiani
1085 608 1136 673 ad·

120 699 324 764 notationem
343 697 556 782 marginalem
575 696 616 762 ad
634 696 734 761 uerba
752 697 979 782 praecedentia
999 695 1136 762 ³Oercris

121 784 334 870 Eleusiniaa'3
366 786 472 851 uoluit
500 789 556 851 aut
557 806 608 849 em
635 785 689 849 ille
717 785 826 850 uerbis
853 789 969 868 postca
997 784 1137 850 fortasse

120 876 276 941 breuiatis
304 875 366 940 hoc
394 873 514 958 dicere,
541 872 703 957 Cererem,
733 894 807 938 cum
830 873 966 939 Eleusin
993 873 1139 939 uenisset

122 964 274 1044 errando,
301 963 441 1028 inuentis
464 963 560 1027 nouis
583 961 733 1048 frugibus
757 962 886 1028 diuinos
909 961 957 1027 ibi
977 963 1137 1028 meruisse

120 1053 270 1119 honores.
293 1051 423 1136 iamque
446 1051 571 1135 reliqua
595 1049 762 1116 ³Prodicus
787 1051 977 1136 adsumptos
1000 1049 1036 1115 in
1060 1051 1137 1117 deos

120 1141 274 1225 loquitur,
297 1140 353 1225 qui
375 1139 513 1205 utilitati
534 1140 703 1207 hominum
727 1138 928 1223 profuerunt'
948 1161 1049 1224 quam
1071 1141 1137 1205 sint

121 1230 231 1294 inania
258 1231 333 1313 post
355 1228 531 1294 Euhemeri
558 1230 655 1312 plane
679 1230 791 1293 eadem
815 1228 974 1293 tradentis
999 1229 1137 1295 mentio·

121 1339 206 1401 nem,
229 1318 332 1382 multo
356 1317 462 1402 magis
485 1321 635 1401 apparet,
657 1321 695 1381 ut
716 1317 787 1382 iure
810 1320 922 1383 nostro
945 1317 1136 1382 insistamus

120 1405 170 1471 illi
202 1405 411 1488 dubitationi,
443 1426 507 1489 qua
538 1428 617 1471 num
646 1404 809 1471 Minucius
839 1403 1003 1471 Ciceronis
1036 1406 1137 1471 uerba

122 1495 330 1579 apertissima
357 1493 535 1576 (unul
558 1489 715 1579 42,118)
740 1493 892 1561 Prodicus
914 1543 975 1560 ...
999 1515 1037 1558 cu
1059 1515 1136 1576 quac

115 1583 296 1666 prodessent
316 1583 476 1648 luminum
498 1584 583 1648 uitae
603 1584 730 1648 ιιιονιιιιι
751 1584 787 1648 ic
804 1602 931 1648 numero
948 1582 1058 1647 babitu
1075 1603 1137 1650 esse

121 1673 204 1738 dicit
220 1678 289 1738 tam
303 1693 455 1757 peruerse
470 1672 615 1755 accipere
629 1672 772 1755 potuerit
786 1671 993 1757 ambigimus.
1022 1694 1136 1756 sapere

122 1781 201 1845 ergo
225 1761 307 1826 aude
331 1764 428 1846 atque
452 1761 586 1825 restitue
609 1760 642 1825 id
662 1782 726 1845 quo
746 1761 813 1825 iam
836 1763 944 1826 rectus
967 1761 1009 1825 ab
1029 1760 1138 1825 Euhe-

122 1870 211 1915 mero
231 1849 273 1914 ad
291 1848 462 1915 Prodicum
480 1854 514 1914 et
531 1849 706 1914 Persaeum
728 1870 919 1935 progressus
941 1849 1137 1933 restituitur,

124 1937 180 2002 sed
213 1938 299 2022 quod
332 1938 527 2003 emblemata
559 1938 658 2002 semel
689 1937 817 2021 inlapso
841 1959 917 2003 mox
945 1938 1139 2004 correctoris

122 2027 243 2091 malam
271 2049 404 2092 manum
429 2029 597 2108 expertum
621 2031 683 2091 est:
712 2025 780 2090 ³Pr.
805 2026 976 2110 adsumpta
1000 2028 1036 2091 in
1060 2027 1137 2092 deos

123 2116 268 2199 loquitur
291 2137 372 2200 quae
396 2115 532 2179 utilitati
555 2115 725 2179 hominum
748 2113 966 2200 profuerunt'.

190 2227 215 2269 c.
239 2205 335 2287 21‚7
369 2204 482 2268 Terrae
509 2205 591 2268 cuim
618 2205 667 2268 uel
694 2203 780 2269 Coeli
810 2205 909 2286 silicas,
941 2205 1023 2286 quod
1054 2205 1140 2286 opud

122 2292 223 2357 Italos
244 2297 321 2356 esset
342 2293 454 2374 iccotis
473 2293 653 2373 parentibus
669 2294 822 2375 proditus,
844 2298 881 2357 ut
902 2293 937 2356 ιἰι
954 2293 1137 2358 bodrcruum

122 2381 203 2444 diem
230 2381 390 2463 inopinato
417 2380 502 2445 uisos
528 2382 609 2446 curlo
636 2383 759 2463 misaca,
790 2382 936 2464 ignobiles
962 2385 992 2446 et
1019 2383 1138 2464 ιριιοιοε

123 2473 222 2532 terrae
243 2469 326 2550 filios
348 2470 557 2534 nominamus.
594 2491 659 2534 non
683 2471 785 2553 probo
809 2470 864 2534 hic
877 2469 1016 2535 Usenori
1038 2471 1138 2537 ratio·

122 2577 210 2640 nem,
239 2557 295 2642 qui
323 2556 495 2623 editionem
523 2557 702 2641 principem
731 2562 859 2623 secutus
888 2557 943 2623 ³et'
971 2581 1031 2642 pro
1061 2558 1136 2624 ³uel’

122 2647 277 2711 restituit.
314 2647 413 2712 immo
437 2645 596 2729 respicere
619 2645 798 2711 Minucium
821 2647 983 2731 duplicem
1003 2646 1138 2712 Saturni

123 2735 268 2817 appellat
269 2736 391 2820 ionem,
425 2756 463 2799 ea
496 2756 578 2819 quae
613 2735 795 2819 explicandi
832 2741 906 2820 grat
892 2736 939 2801 tia
975 2735 1138 2801 adduntur

122 2822 276 2887 manifest
262 2828 332 2889 tum
367 2824 517 2889 reddunt:
554 2825 610 2890 alii
643 2821 727 2909 (siue
758 2829 875 2909 poetae
908 2825 976 2889 siue
1009 2824 1138 2908 mytho-

123 2911 253 2994 graphi)
283 2933 356 2977 eum
388 2917 587 2978 uocauerant
614 2912 732 2978 Terrae
763 2913 867 2978 filium
899 2914 1055 2997 utpot'e
1045 2935 1137 2999 igno·

123 2999 236 3083 bilem,
269 3000 327 3064 alii
356 2998 447 3066 Caeli
479 3001 581 3066 filium
612 3006 781 3086 tamquam
817 3002 988 3104 inopinato
1020 3002 1137 3067 uisum.

124 3109 221 3172 quam
249 3088 586 3173 interpretationem
577 3113 643 3156 iam
671 3113 732 3174 par
754 3093 804 3155 est
832 3092 922 3174 sequi
943 3090 1008 3157 loci
1031 3112 1137 3155 emen·

125 3177 328 3243 dationem'
319 3200 353 3241 m
377 3200 440 3262 quo
465 3200 538 3243 cum
562 3180 732 3245 offensioni
755 3183 841 3245 esset
826 3179 963 3244 tdoctis
984 3183 1021 3295 ,ιι
1039 3178 1137 3264 ³apud

124 3265 227 3331 Italos
261 3269 346 3330 esset
377 3266 501 3350 ignotis
531 3266 732 3352 parentibus'
762 3272 795 3333 et
823 3268 944 3352 prodit
945 3267 993 3333 us'
995 3317 1004 3351 ,
1032 3269 1136 3333 multo

125 3356 230 3440 magis
255 3354 423 3420 offensioni
446 3376 516 3420 esse
540 3357 653 3422 debuit
675 3379 791 3422 manca
814 3362 847 3422 et
868 3357 1069 3441 incompleta
1088 3357 1137 3421 de-

119 3443 238 3510 finitio.
285 3466 387 3532 neque
421 3444 508 3509 enim
541 3445 683 3528 additur,
716 3465 772 3509 cur
804 3449 929 3510 ueteres
961 3444 1137 3512 Saturnum

105 3538 308 3619 putauerint
328 3535 425 3625 (laeli
440 3535 563 3620 filium,
583 3556 648 3600 neo
659 3534 730 3598 boo
747 3532 1023 3610 exemplicatione
1037 3535 1151 3592 audita

759 3814 884 3852 ,κ’-ἱ.
