2378 3930
349 223 517 280 nnlnonls
535 224 753 280 PRAEFATIO.
958 227 1062 283 XXXV

116 478 218 560 [Haec
237 477 336 543 editio
356 479 431 541 ente
451 476 531 541 duos
551 480 584 541 ct
604 477 689 560 quod
704 475 829 542 excedit
842 499 945 544 annos
960 480 1069 544 curtis.

47 569 203 633 mandata
221 568 349 651 iamque
369 565 565 649 bibliopolae
585 565 743 630 mittendo
757 587 830 630 cum
844 571 915 632 tum
929 568 1058 652 quidem

47 659 90 723 ob
114 678 242 737 causas,
268 677 348 739 quas
371 654 425 718 hic
449 676 608 738 exponere
630 655 713 717 nihil
737 655 868 737 attinet,
896 656 982 740 typis
1006 678 1058 720 cx-

47 746 144 831 primi
176 744 350 828 nequierit,
382 765 467 808 nunc
498 765 603 826 pauca
635 743 801 808 adicienda
829 748 914 808 sunt.
959 747 993 808 et
1019 745 1058 809 dc

47 834 182 898 Minucii
218 832 348 917 quidem
384 836 492 897 aetate
528 833 659 896 interim
696 833 870 916 prudenter
907 832 1058 897 disseruit

45 923 80 986 P.
100 919 276 986 Schwenke
295 920 544 1005 (‘Jahrbueoher
567 921 638 984 fuer
660 921 933 1004 protestantische
952 920 1057 987 Theo·

45 1010 154 1095 logie,
179 1011 279 1092 1883,
302 1033 332 1094 p.
356 1010 421 1074 263
437 1007 529 1095 sqq.)‚
556 1011 610 1092 qui
635 1010 707 1073 aliis
731 1010 912 1075 rationibus
934 1009 1057 1094 ductus,

46 1121 126 1183 quus
150 1121 216 1163 non
241 1099 309 1163 sine
331 1099 440 1163 fructu
459 1121 532 1163 cum
551 1099 631 1162 meis
650 1099 863 1183 comparabis
886 1121 971 1164 anno
993 1099 1057 1163 fere

48 1188 112 1251 160
135 1187 307 1252 Octauium
336 1188 492 1270 scriptum
521 1209 590 1251 esse
619 1189 769 1271 optinuit.
809 1188 843 1252 in
866 1187 930 1253 hoc
953 1188 994 1253 ab
1019 1209 1057 1252 eo

46 1276 217 1358 dissentio,
250 1277 334 1359 quod
368 1298 449 1360 quae
478 1299 503 1341 c.
528 1276 579 1358 18,
603 1277 689 1341 5-7
717 1277 870 1363 leguntur
898 1277 1057 1360 quadrare

46 1366 179 1448 negauit
205 1365 240 1428 in
264 1365 400 1429 duorum
424 1366 519 1429 simul
543 1365 774 1449 imperatorum
797 1387 935 1451 regnum
959 1362 1056 1451 (quae

47 1458 97 1517 est
116 1474 188 1516 mco
207 1475 284 1517 sene
304 1453 466 1516 sententia
484 1476 582 1538 supra
601 1478 631 1538 p.
646 1453 711 1517 VH
725 1453 894 1538 exposite).
927 1458 1056 1519 tuntum

45 1542 131 1604 enim
156 1542 248 1604 abest
270 1544 307 1604 ut
330 1540 370 1603 ed
391 1562 484 1604 suum
502 1542 549 1605 ibi
567 1545 696 1624 tempus
715 1543 868 1626 respiciat
886 1542 1057 1628 Minucius,

45 1634 83 1693 ut
100 1628 209 1712 potius
228 1650 266 1691 ex
286 1649 366 1694 aeuo
385 1627 535 1693 fabuloso
555 1635 587 1694 et
605 1631 761 1713 pristinae
778 1630 976 1714 reipublicae
991 1631 1055 1697 Ro-

22 1769 25 1773 .
45 1739 160 1782 menae
184 1717 322 1780 historie
344 1717 494 1800 exempla
511 1721 602 1800 petet
622 1718 662 1782 ad
681 1719 910 1783 stabiliendam
929 1724 1056 1784 senten·

44 1807 125 1869 tium
154 1805 189 1868 in
218 1809 481 1890 argumentorum
509 1807 592 1870 serie
616 1808 702 1871 ultro
727 1829 760 1871 se
785 1808 973 1873 offerentem
996 1830 1056 1873 nec

47 1893 226 1976 quaesitam
241 1916 385 1979 quaeque
401 1895 460 1958 sub
477 1895 568 1960 bonis
583 1896 712 1980 quidem
724 1897 975 1980 imperatoribus
987 1897 1055 1961 sinc

47 1983 188 2063 periculo
216 1983 269 2048 uel
298 2006 317 2048 a
345 1984 533 2049 cautissimo
555 1985 590 2048 in
612 1985 754 2050 medium
777 1984 916 2070 proferri
939 1986 1055 2069 potuit.

111 2122 310 2190 Sermonae
334 2125 513 2191 Nouembri
536 2149 564 2192 a.
590 2126 700 2206 1885]
