2378 3930
109 191 152 256 74
450 188 772 246 romounmum

108 355 196 420 turia
219 352 441 419 Maenorenon
467 355 501 418 et
523 349 649 419 Coloba
669 352 848 419 Philoteris
880 359 915 421 et
938 354 1129 442 Ptolemais,

106 445 195 509 ultra
208 441 347 508 Arsinoe
366 444 400 506 et
418 440 484 506 alia
498 440 664 525 Berenice,
681 445 753 508 tum
769 443 852 508 silva
866 464 948 527 quae
961 444 1129 512 hebenum

107 531 286 614 odoresque
318 533 467 615 generat,
499 534 534 596 et
565 551 665 596 manu
695 529 800 597 factus
834 531 954 616 amnis,
985 532 1127 619 ideoque

51 637 86 688 81
106 619 294 686 referendus
314 617 400 703 quod
419 639 458 683 ex
476 617 548 685 Nili
566 618 660 685 alveo
678 618 815 704 dioryge
834 619 1001 688 adductus.
1033 627 1128 689 extra

107 710 230 793 sinum,
270 729 383 772 verum
428 706 463 771 in
510 706 596 772 flexu
640 710 753 772 tamen
800 708 980 775 etiamnum
1021 709 1156 777 Rubris

106 798 206 863 maris
229 817 306 880 pars
329 795 444 861 bestiis
467 794 588 862 infesta
610 795 745 881 ideoque
765 797 894 862 deserta
917 801 976 881 est,
998 801 1128 882 partem

105 885 252 951 Panchai
278 883 442 967 habitant,
470 884 507 949 hi
535 905 617 969 quos
640 907 680 951 ex
705 884 793 952 facto
817 885 895 969 quia
922 888 1129 971 serpentibus

105 978 281 1040 vescuntur
295 970 531 1057 Ophiophagos
546 976 672 1039 vocant
704 973 794 1040 fuere
808 973 944 1040 interius
958 974 1128 1062 Pygmaei,

106 1062 269 1127 minutum
283 1081 395 1146 genus,
413 1064 448 1126 et
460 1061 547 1146 quod
560 1083 620 1145 pro
639 1062 719 1127 satis
732 1061 882 1147 frugibus
897 1066 1012 1128 contra
1029 1085 1128 1151 grues

51 1166 86 1217 82
106 1150 288 1216 dimicando
307 1148 433 1216 defecit.
472 1154 549 1216 sunt
566 1150 670 1215 multa
688 1151 858 1217 voluerum
872 1153 977 1218 multa
995 1173 1129 1238 serpan-
1141 1169 1169 1210 1⁰

105 1239 190 1304 tium
208 1259 342 1324 generat
365 1238 404 1304 de
423 1238 630 1323 serpentibus
649 1239 852 1305 memorandi
871 1240 1020 1326 maxime,
1044 1263 1129 1326 quos

105 1348 225 1412 parvos
263 1326 437 1392 admodum
474 1330 507 1393 et
543 1327 659 1392 veneni
699 1327 880 1412 praesentis
917 1332 1006 1396 certo
1049 1331 1129 1396 anni

105 1419 253 1500 tempore
275 1437 315 1480 ex
337 1414 417 1480 limo
441 1419 664 1481 concretarum
691 1415 860 1499 paludium
883 1437 1062 1503 emergere,
1090 1419 1129 1484 in

106 1525 226 1590 magno
251 1504 399 1569 examine
420 1503 570 1570 volantes
591 1503 779 1588 Aegyptum
802 1504 944 1590 bendere,
967 1510 1066 1592 atque
1089 1507 1128 1572 in

105 1594 178 1677 ipso
202 1593 337 1657 introitu
360 1591 473 1658 finium
498 1593 539 1657 ab
568 1594 683 1658 avibus
712 1615 792 1677 quas
820 1593 926 1659 ibidus
954 1594 1127 1680 appellant
1141 1608 1168 1652 1⁶

107 1681 241 1746 adverso
266 1681 395 1766 agmine
418 1680 525 1764 excipi
547 1700 723 1765 pugnaque
747 1681 864 1747 confici
886 1681 1043 1749 traditum
1067 1687 1128 1749 est

50 1785 86 1835 83
106 1769 145 1834 de
177 1769 363 1835 volucribus
394 1769 568 1854 praecipue
599 1768 768 1835 referenda
799 1769 963 1856 Phoenix,
999 1793 1131 1855 semper

105 1858 216 1942 unica3
245 1880 312 1924 non
339 1858 425 1924 enim
453 1858 542 1925 coitu
569 1858 750 1942 concipitur
776 1861 913 1942 partuve
941 1861 1128 1946 generatur,

106 1947 165 2013 sed
182 1947 241 2013 ubi
259 1947 513 2032 quingentorum
531 1968 691 2013 annorum
709 1968 789 2012 aevo
810 1950 968 2031 perpetua
985 1948 1129 2034 duravit,

107 2058 204 2120 super
233 2039 463 2122 exaggeratam
490 2036 591 2102 variis
624 2035 778 2102 odoribus
807 2039 929 2101 struem
960 2037 1026 2102 sibi
1052 2037 1126 2122 ipsa
1139 2053 1167 2094 ω

51 2141 88 2191 84
106 2124 239 2190 incubat
266 2124 480 2210 solviturque,
512 2124 588 2189 dein
618 2123 876 2208 putrescentium
903 2125 1126 2192 membrorum

105 2214 182 2278 tabe
207 2234 416 2279 concrescens
444 2213 575 2296 ipsese
599 2213 739 2296 concipit
766 2215 865 2297 atque
889 2235 928 2279 ex
955 2235 989 2279 se
1011 2234 1126 2280 rursus

105 2300 295 2366 renascitur.
328 2321 401 2366 oum
421 2300 572 2386 adolevit,
591 2322 667 2366 ossa
685 2301 818 2384 pristini
837 2296 980 2386 corporis
998 2302 1129 2368 inclusa

105 2410 217 2454 murra
234 2387 422 2472 Aegyptum
445 2392 604 2474 exportat,
627 2389 717 2454 etin
740 2389 820 2455 urbe
845 2412 943 2474 quam
962 2389 1047 2456 Solis
1070 2391 1126 2456 ad·

105 2478 232 2561 pellant
257 2477 469 2562 flagrantibus
502 2499 578 2544 arae
604 2478 710 2543 bustis
737 2477 880 2544 inferens
913 2479 1168 2546 memorandos

105 2565 221 2631 funere
245 2569 421 2631 consecrat
465 2566 576 2651 ipsum
599 2567 861 2650 promunturium
888 2589 952 2652 quo
975 2566 1009 2633 id
1033 2588 1124 2634 mare

106 2653 248 2720 cluditur
269 2655 448 2721 Aceraunis
473 2654 613 2721 saltibus
636 2655 760 2721 invium
783 2660 843 2720 est.

196 2742 376 2827 Aethiopes
403 2745 492 2809 ultra
518 2743 645 2827 sedent3
677 2743 813 2809 Meroen
845 2743 969 2809 habent
995 2747 1129 2828 terram,

52 2797 88 2848 ⁸⁵
109 2852 206 2914 quam
219 2828 316 2896 Nilus
330 2831 437 2914 primo
457 2832 585 2897 ambitu
596 2832 765 2916 amplexus
784 2833 926 2898 insulam
941 2832 1034 2899 facitt
1053 2854 1131 2916 pars

181 3046 205 3093 1.
229 3039 336 3095 collaca
358 3040 391 3100 A
410 3039 516 3094 Coloba
543 3040 655 3096 Vossius
730 3040 902 3112 philopteris
925 3041 953 3096 A
975 3040 1131 3097 Philoteris

111 3109 258 3166 Barbarus
310 3109 443 3211 piomalis
457 3109 811 3170 APtolemaisBurbarue
864 3119 890 3170 4.
908 3111 1073 3168 referundus
1092 3112 1135 3169 A¹

108 3178 270 3234 referendus
285 3181 313 3236 A
381 3187 405 3237 5.
421 3197 490 3235 veru
503 3182 545 3237 A¹
558 3199 656 3237 verum
669 3182 710 3238 A’
760 3183 848 3240 etiam
861 3201 919 3240 non
935 3185 963 3241 A
977 3182 1134 3240 etiamnum

108 3250 262 3306 Pincianus
339 3257 380 3307 10.
410 3250 507 3306 deficit
535 3253 564 3309 A
591 3253 697 3310 defecit
719 3271 740 3311 c
817 3263 859 3312 11.
887 3255 1077 3311 memorandis
1104 3255 1134 3310 A

106 3321 308 3377 memorandis
355 3328 397 3377 13.
411 3322 561 3392 paludium
574 3326 651 3382 eioA
690 3332 730 3382 15.
746 3343 801 3396 qua
811 3327 852 3383 A¹
866 3325 987 3395 qnasA²
1037 3325 1132 3381 ibides

107 3391 150 3447 A¹
172 3408 241 3448 corr.
313 3398 356 3448 23.
375 3393 502 3450 nascitur
524 3395 565 3449 A¹
589 3396 746 3451 renascitur
764 3397 806 3451 ΑΒ
878 3402 921 3452 25.
940 3396 1132 3452 archiobustis

107 3464 135 3517 A
150 3464 265 3532 (litteras
283 3461 311 3518 io
326 3465 390 3521 add.
409 3464 461 3535 Β)
482 3481 547 3521 arae
562 3467 653 3522 bustis
666 3469 767 3536 scripsi
