2378 3930
404 230 584 287 OCTAVIUS
604 249 626 288 e.
646 238 689 286 21.
708 237 751 286 22.
1043 229 1087 295 33

74 381 107 441 et
124 380 221 441 natos
240 377 378 461 legimus
399 381 431 441 et
450 380 595 443 mortuos
615 377 743 442 scimus.
774 378 820 457 [et
839 376 976 460 despicis
990 375 1085 442 Isidis

75 465 116 530 ad
137 465 353 548 hirundinem,
377 466 519 552 sistrum,
542 470 576 530 et
599 465 762 549 adsparsis
783 464 937 529 membris
956 465 1087 530 inanem

73 554 122 618 tui
141 551 304 637 Serapidis
329 554 397 618 siue
418 553 520 620 Osiris
543 555 726 634 tumulum]
760 553 929 618 considera
950 552 1140 639 deniquei‘i

74 663 167 706 sacra
194 642 266 726 ipsa
294 646 327 707 et
353 642 425 725 ipsa
455 641 625 726 mysteria:
656 641 803 707 inuenies
832 643 937 706 exitus
965 642 1087 726 tristes,

46 731 144 794 sfata
172 733 205 794 et
233 729 350 796 funera
377 734 410 794 et
441 730 548 796 luctus
581 734 678 815 atque
710 730 861 813 planctus
895 729 1086 796 miserorum

74 819 214 883 deorum.
256 819 318 883 Isis
346 819 509 903 perditum
537 818 639 883 filium
667 840 741 883 cum
769 816 998 902 Cynocephalo
1028 840 1085 885 suo

75 912 107 970 εὴ
130 906 232 972 saluis
257 907 478 973 sacerdotibus
501 907 594 993 luget
613 906 743 991 plangit
761 906 915 991 anquirit,
939 911 972 972 et
989 906 1086 973 Isiaci
1121 898 1124 911 '

74 995 183 1060 miseri
198 996 337 1060 caedunt
354 1000 487 1083 pectora
501 1000 535 1060 et
549 995 693 1061 dolorem
711 994 952 1060 infelicissimae
971 995 1085 1060 matris

73 1084 256 1148 imitantur:
280 1106 355 1150 mox
378 1085 511 1150 inuento
534 1085 672 1167 paruulo
696 1083 818 1168 gaudet
838 1082 916 1166 Isis,
939 1084 1087 1149 exultant

34 1192 60 1232 ιο
75 1173 272 1255 sacerdotes,
300 1170 549 1257 Cynocephalus
577 1172 727 1237 inuentor
755 1172 925 1257 gloriatur,
952 1193 1011 1237 nec
1033 1173 1086 1237 de-

74 1263 185 1326 sinunt
208 1261 303 1326 annis
328 1262 478 1327 omnibus
501 1262 554 1326 uel
576 1261 710 1344 perdere
733 1260 819 1345 quod
842 1260 1010 1324 inueniunt
1032 1262 1085 1326 uel

73 1350 219 1414 inuenire
238 1350 324 1433 quod
343 1348 489 1434 perdunt.
521 1371 628 1414 nonne
646 1349 816 1413 ridiculum
836 1351 886 1413 est
904 1350 956 1413 uel
974 1350 1084 1434 lugere
1105 1368 1120 1417 n

73 1437 159 1522 quod
200 1438 289 1502 colas
328 1439 381 1502 uel
418 1438 522 1504 colere
558 1437 645 1523 quod
680 1436 817 1522 lugeas?
857 1436 938 1502 haec
973 1441 1086 1504 tamen

73 1526 239 1610 Aegyptia
258 1526 420 1610 quondam
444 1549 535 1592 sacra
553 1546 640 1591 nunc
660 1529 692 1590 et
710 1526 858 1590 Romana
877 1530 961 1591 sunt.
989 1524 1085 1591 Ceres

34 1632 59 1672 15
74 1613 199 1678 facibus
224 1615 366 1680 accensis
389 1618 422 1679 et
446 1619 594 1699 serpente
618 1615 725 1680 currui
748 1615 857 1679 iuncta
875 1613 983 1679 Erebo
1010 1616 1085 1680 sub-

71 1707 199 1787 reptam
223 1690 269 1769 ed
279 1706 463 1786 corruptam
481 1703 632 1768 Liberam
656 1702 751 1768 anxia
775 1705 808 1766 et
830 1702 970 1768 sollicita
988 1704 1085 1767 uesti-

73 1797 144 1877 gat:
172 1791 252 1856 haec
280 1795 357 1857 sunt
378 1791 554 1857 Eleusinia.
590 1796 623 1856 et
646 1813 728 1876 quae
750 1790 839 1855 Iouis
867 1811 959 1854 sacra
988 1792 1119 1857 santis

72 1880 182 1944 nutrix
211 1881 336 1963 capella
363 1885 413 1945 est
440 1884 482 1945 et.
502 1879 596 1945 auido
623 1880 711 1964 patri
739 1878 940 1944 subtrahitur
965 1878 1085 1960 infans,

72 1991 113 2032 ne
136 1974 278 2053 uocetur,
301 1973 335 2034 et
357 1967 580 2052 Corybantum
604 1968 772 2052 cymbalis,
794 1988 835 2031 ne
858 1971 951 2050 pater
975 1967 1086 2032 audiat

33 2075 59 2114 so
73 2058 213 2140 uagitus‚
232 2057 346 2121 tinitus
361 2058 498 2122 eliditur.
524 2055 663 2140 Cybelae
677 2055 843 2140 Dindyma
857 2055 956 2138 pudet
970 2056 1085 2139 dicere,
1103 2074 1120 2121 4

74 2167 155 2228 quae
188 2145 374 2209 adulterum·
404 2167 497 2209 suum
530 2145 702 2209 infeliciter
728 2144 898 2229 placitum,
933 2144 1084 2228 quoniam

72 2233 145 2317 ipsa
162 2237 194 2296 et
209 2233 363 2298 deformis
383 2237 416 2298 st
434 2233 552 2316 uetula,
569 2236 607 2296 ut
625 2233 802 2298 multorum
820 2233 953 2297 deorum
973 2237 1084 2315 mater,

73 2322 113 2386 ad
142 2325 289 2406 stuprum
316 2321 447 2386 inlicere
474 2343 541 2386 non
568 2324 712 2406 poterat,
740 2322 897 2406 exsecuit,
925 2325 962 2386 ut
990 2321 1084 2386 deum

74 2410 198 2475 scilicet
228 2410 349 2476 faceret
377 2415 409 2475 et
436 2411 626 2476 eunuchum.
668 2413 801 2495 propter
826 2410 913 2474 hanc
939 2408 1084 2475 fabulam

34 2515 59 2556 25
75 2520 145 2562 eam
174 2503 207 2564 et
236 2499 322 2564 Galli
349 2499 493 2564 semiuiri
516 2499 567 2564 sui
600 2499 744 2582 corporis
777 2498 934 2582 supplicio
965 2499 1084 2564 colunt.

145 2661 214 2708 1-s
229 2659 314 2711 nerba
328 2658 357 2711 et
370 2656 492 2726 despicis
505 2654 633 2710 Isidis-
644 2655 731 2710 Osiris
745 2653 886 2707 tumulum
900 2655 1084 2722 frayrnentnra

73 2740 128 2778 esse
145 2731 216 2793 pato
240 2728 434 2795 additamenti,
456 2727 529 2797 qnod
552 2727 633 2781 lector
654 2726 821 2780 christianas
838 2725 871 2777 in
887 2740 993 2778 sumna
1011 2741 1083 2779 rnar-

72 2797 136 2863 pine
158 2812 192 2849 en
210 2797 266 2850 atie
284 2798 416 2864 scriptore
434 2800 471 2852 aet
488 2801 638 2866 sequentem
656 2797 689 2850 de
707 2796 786 2850 Iside
803 2796 991 2870 narrationem
1011 2797 1084 2850 adie-

74 2870 147 2919 cerat
170 2868 302 2935 (pennina
324 2868 439 2934 fonaeee
460 2870 552 2935 forma
569 2869 634 2923 baec
652 2871 724 2922 erat:
744 2908 750 2921 .
767 2908 772 2920 .
789 2909 794 2921 .
811 2906 817 2918 .
836 2864 918 2919 Isidis
937 2866 973 2919 ad
991 2867 1085 2920 hirun-

73 2937 169 2994 dinem
187 2938 217 2989 et
234 2936 270 2991 de
288 2937 372 3006 spicis
391 2937 507 2992 sistrum
525 2940 554 2992 et
572 2938 609 2992 ad
628 2938 731 3007 sparsis
750 2935 883 2990 membris
899 2937 1011 2991 inanem
1025 2937 1084 2991 siue

75 3007 101 3059 S.
122 3006 181 3061 siue
200 3007 232 3063 Ο.
251 3007 402 3075 tumulum)
416 3012 426 3078 ΙΙ
444 3015 460 3064 6
480 3009 640 3077 cynecefalo
658 3015 686 3077 Ρ,
705 3014 737 3062 nt
755 3013 780 3062 et
797 3008 912 3076 posteat!
927 3014 942 3062 ‘1
962 3008 1086 3077 anquirit

73 3076 219 3133 Halmius:
241 3077 397 3147 inquirit?
419 3081 429 3149 l
453 3086 486 3134 14
510 3079 650 3148 quondam
674 3096 747 3133 nunc
771 3082 801 3133 et
822 3095 901 3132 sacra
921 3094 1038 3132 romana
1056 3084 1085 3147 P,

73 3149 170 3204 traieci
183 3151 193 3218 ΙΙ
208 3154 240 3203 15
259 3150 387 3217 serpente
402 3151 496 3204 currui
508 3149 604 3205 iuncta
618 3150 675 3220 (ab)
689 3149 780 3204 Erebo
794 3150 893 3216 scripsi
906 3149 938 3202 in
952 3147 1083 3205 Flecteris.

74 3237 141 3274 ann.
157 3224 226 3273 1872
241 3237 272 3289 p.
287 3226 351 3275 632:
370 3223 497 3290 serpente
517 3219 689 3275 circumdata
708 3225 834 3274 errore?
853 3219 1028 3286 (circumlata
1043 3222 1084 3275 ed.

70 3294 127 3360 pr.)
150 3291 159 3360 ΙΙ
182 3296 217 3345 20
235 3291 334 3345 tinitus
352 3308 400 3360 epo
419 3290 550 3362 (tinnitus
571 3289 866 3359 Gelenius):initus1’
891 3295 895 3356 Ι
922 3290 1019 3358 cybele
1038 3296 1058 3342 P
1075 3289 1084 3361 ll
1163 3344 1166 3350 ,

73 3367 108 3415 22
127 3360 189 3430 ipsa
208 3364 237 3417 ct
254 3362 451 3419 Hennannas:
470 3366 499 3416 et
516 3363 579 3431 ipsa
596 3367 616 3414 1³
634 3363 644 3430 l
663 3367 698 3416 24
716 3360 824 3416 faceret
842 3362 871 3414 et
889 3362 1045 3415 eunuchum
1064 3366 1084 3414 1’

73 3432 115 3486 ita
133 3439 165 3488 nt
182 3450 289 3488 erasnm
308 3435 345 3488 eit
363 3436 400 3503 ct,
419 3435 492 3504 qnod
510 3437 556 3503 (=
571 3432 667 3501 etiam)
682 3433 727 3486 tic
740 3433 851 3487 minime
864 3432 1095 3498 inconmodanbl

74 3507 108 3556 25
128 3519 189 3557 eam
211 3507 240 3558 et
258 3503 333 3560 Galli
352 3507 421 3574 (sine
439 3508 469 3562 et
483 3504 562 3562 Calli
579 3507 655 3576 cami
673 3504 791 3573 scripsi:
806 3501 892 3555 Calli
906 3516 977 3551 eam
991 3501 1056 3547 esu
1076 3501 1112 3542 ez

65 3574 136 3625 delet
151 3573 347 3633 fflnmannns.

108 3669 236 3713 Minucius
251 3676 348 3733 Marx,
363 3681 402 3724 ed.
417 3682 583 3728 Baehrens.
967 3652 989 3694 Q
