2378 3930
330 191 512 249 cnonoon.
531 192 615 250 1119.
636 199 670 249 10
688 195 834 265 (oc-100)
1050 195 1093 261 77

71 355 214 438 micant,
248 358 283 420 et
313 354 416 420 veluti
451 359 561 420 castra
591 356 660 422 late
695 357 837 423 iacentia
868 357 1095 444 ostenduntur,

72 447 209 529 crepent
231 443 384 527 cymbala
406 445 441 509 et
460 447 630 528 tympana,
659 445 897 530 audiunturque
918 447 1020 512 tibiae
1042 468 1094 513 so·

71 536 192 599 nantes
219 531 326 598 maius
352 532 514 597 humanis.
562 536 642 598 tunc
669 555 782 598 rursus
809 534 1004 619 Aethiopes,
1034 557 1095 602 neo
1122 552 1157 603 ee

72 621 141 686 iarn
166 621 254 687 dites
281 641 362 704 quos
393 620 547 705 diximus,
579 622 715 687 nauita
743 622 934 708 corporibus
963 624 1095 708 similes,

48 709 135 776 used
157 710 302 774 minores
324 709 501 793 incultique
520 715 597 776 aunt
617 713 652 775 et
672 711 804 776 nomine
821 709 1015 795 Hesperien.
1059 713 1096 778 in

73 798 193 865 borum
209 797 332 863 finibus
350 797 424 864 fons
448 802 499 863 est
522 819 618 883 quem
634 797 704 864 Nili
724 820 794 864 esse
812 799 926 884 aliqua
943 800 1096 865 credibile

73 889 141 952 est:
168 886 300 953 Nuchul
328 888 370 953 ab
398 887 516 952 incolis
544 887 674 971 dicitur,
702 891 735 953 et
761 887 866 953 videri
892 891 1003 974 potest
1029 910 1096 954 non

73 976 140 1042 alio
168 975 300 1041 nomine
329 975 489 1058 adpellari
516 974 572 1040 sed
605 998 625 1041 a
655 976 797 1042 barbaro
826 998 883 1042 ore
915 980 1096 1060 corruptus.

73 1065 139 1130 alit
169 1067 204 1129 et
234 1085 396 1149 papyrum
429 1067 462 1129 et
493 1064 623 1129 minora
654 1065 784 1150 quidem
815 1065 958 1130 eiusdem
986 1069 1098 1131 tamen

35 1153 208 1238 agenoris
225 1153 389 1217 animalia
437 1152 510 1217 aliis
530 1153 680 1219 amnibus
702 1154 738 1218 in
756 1174 915 1219 oceanum
936 1154 1097 1239 vergenti·
1123 1171 1157 1220 97

73 1242 138 1306 bus
167 1241 257 1307 solus
279 1242 315 1306 in
338 1241 480 1305 mediam
508 1242 677 1327 regionem
705 1242 802 1307 etad
829 1242 988 1308 orientem
1016 1242 1096 1326 abit,

73 1335 110 1396 et
132 1350 276 1416 quonam
298 1333 393 1395 exeat
414 1331 575 1394 incertum
599 1334 657 1396 est
701 1331 778 1396 inde
801 1331 966 1417 colligitur
982 1330 1098 1397 Nilum

72 1418 139 1484 hoc
165 1419 258 1484 fonte
285 1422 478 1501 conceptum
505 1423 677 1505 actumque
705 1419 896 1504 aliquandiu
922 1419 1097 1503 periuria

73 1511 110 1572 et
130 1507 207 1573 ideo
225 1509 387 1592 ignotum,
406 1507 526 1571 iterum
550 1529 585 1573 se
609 1509 664 1573 ubi
684 1508 768 1573 adiri
786 1509 895 1593 possit
912 1507 1097 1593 ostendere,

33 1611 61 1654 ¹⁶
72 1599 222 1662 ceterum
236 1596 343 1679 spatio
358 1617 423 1680 quo
442 1595 652 1662 absconditor
665 1596 760 1681 effici,
779 1600 817 1662 ut
828 1597 882 1662 hic
895 1597 960 1662 alio
975 1597 1097 1681 cedere,

69 1685 129 1749 ille
143 1685 274 1750 aliunde
292 1683 441 1749 videatur
460 1705 641 1770 exsurgere.
678 1685 865 1771 catoblepas
878 1707 947 1751 non
963 1685 1096 1771 grandis
1123 1701 1158 1750 98

70 1773 155 1858 fera,
173 1795 286 1839 verram
300 1773 423 1859 grande
438 1776 472 1837 et
489 1793 669 1858 praegrave
688 1778 787 1858 caput
805 1794 903 1860 aegre
921 1774 1097 1850 sustinens,

70 1865 174 1947 atque
197 1863 240 1927 ob
267 1862 301 1926 id
323 1862 360 1925 in
387 1865 511 1926 terram
537 1861 714 1946 plurimum
744 1885 799 1929 ore
827 1885 983 1929 conversa
1010 1862 1096 1947 apud

70 1950 136 2017 hos
160 1951 319 2038 gignitur,
342 1950 385 2015 ob
404 1951 471 2015 vim
490 1951 690 2034 singularem
709 1952 818 2034 magis
837 1951 937 2016 etiam
955 1950 1097 2016 referen-

36 2057 65 2096 ὀ
77 2038 131 2125 da,
154 2039 242 2125 quod
260 2061 334 2105 oum
352 2039 477 2124 impetu
495 2060 670 2123 morsuque
689 2039 773 2104 nihil
790 2060 946 2123 umquam
963 2038 1098 2122 saeviat,

78 2128 195 2194 oculos
223 2129 293 2193 eius
323 2127 444 2194 vidisse
470 2127 684 2194 mortiferum.
730 2129 843 2192 contra
865 2126 996 2190 eosdem
1022 2129 1099 2191 sunt
1124 2143 1158 2191 ee

75 2215 208 2283 insulae
239 2216 423 2301 Gorgades,
459 2216 575 2282 domus
611 2219 649 2281 ut
684 2216 777 2281 aiunt
812 2215 987 2298 aliquando
1019 2213 1098 2280 Gor·

75 2326 210 2392 gonum.
253 2306 345 2390 ipsae
372 2308 480 2370 terrae
503 2305 730 2390 promunturio
754 2305 807 2369 eui
832 2302 983 2389 Hesperu
1006 2325 1096 2369 ceras

75 2416 199 2460 nomen
221 2397 273 2460 est
294 2394 461 2459 finiuntm.

36 2500 64 2541 ὕ
168 2482 249 2549 Inde
267 2483 383 2567 incipit
398 2482 490 2548 frons
507 2483 568 2546 illa
586 2503 668 2568 quae
689 2482 724 2546 in
743 2481 941 2547 occidentem
958 2500 1096 2565 vergens
1108 2459 1159 2584 {g}

74 2572 161 2638 mari
180 2570 349 2640 Atlantico
372 2570 523 2637 adluitur.
558 2572 664 2656 prima
687 2572 756 2635 eius
775 2569 956 2653 Aethiopes
973 2571 1097 2653 tenent,

73 2660 186 2726 media
206 2661 303 2746 nulli;
325 2681 403 2724 nam
422 2663 480 2724 aut
503 2664 618 2725 exusta
637 2663 713 2724 sunt
732 2661 790 2723 aut
807 2658 937 2723 harenis
957 2657 1099 2723 obducta

73 2753 133 2815 aut
149 2749 274 2814 infesta
292 2748 507 2834 serpentibus.
543 2748 667 2813 exustis
686 2747 813 2813 insulae
833 2745 999 2830 adpositae
1019 2749 1098 2810 sunt

146 2983 172 3031 5.
191 2976 322 3047 hesperio
340 2976 368 3031 A
381 2977 439 3030 Hes
460 2974 538 3030 erion
551 2976 651 3043 scripsi
723 2981 748 3029 7.
766 2991 841 3028 nuno
859 2973 888 3027 A
902 2970 1044 3026 Nuchulo

73 3054 99 3104 8.
123 3046 263 3118 adpellari
290 3047 332 3101 A¹
360 3062 433 3117 appe
490 3044 496 3056 ’
525 3044 565 3099 A‘
642 3051 668 3100 9.
696 3043 781 3099 aliter
806 3062 907 3116 pyrum
933 3044 961 3098 A
989 3041 1043 3096 alit
1070 3045 1100 3098 et

71 3134 215 3190 papyrum
237 3117 350 3172 Vinctus
424 3123 466 3172 13.
484 3118 539 3170 hoo
561 3115 602 3170 A¹
621 3132 690 3172 corr.
764 3122 806 3170 14.
826 3115 863 3169 ad
886 3130 920 3169 ea
937 3115 965 3169 A
984 3113 1057 3167 adiri
1078 3131 1100 3169 a

146 3197 190 3244 lt.
209 3204 358 3258 exsurgere
380 3189 422 3244 A²
444 3202 579 3256 exurgere
602 3186 642 3240 A·
716 3194 757 3243 17.
775 3185 950 3258 praegrande
969 3185 997 3239 A
1019 3201 1100 3254 prae·

73 3275 161 3330 grave
182 3259 334 3315 Pintiunus
393 3267 435 3314 20.
454 3258 595 3330 unsfquam
609 3258 637 3312 A
695 3263 738 3312 22.
758 3257 893 3314 dorcades
908 3257 936 3311 A
954 3254 1099 3337 Gorgades

74 3333 272 3402 Horiunpelus
321 3338 365 3387 26.
379 3329 505 3384 abluitur
518 3329 547 3383 A
560 3327 714 3383 adluitnro
766 3336 810 3385 2⁷.
824 3327 947 3384 mediam
961 3328 989 3381 A
1004 3327 1100 3380 media

72 3419 94 3457 a
166 3401 279 3456 harenis
298 3403 339 3456 A¹
357 3401 451 3456 arenis
469 3399 510 3455 A¹
582 3405 625 3454 28.
645 3400 794 3472 <ex>ustis
808 3402 836 3455 A
855 3400 1094 3471 (litteratiores.

74 3474 140 3529 odd.
159 3471 212 3542 A2)
285 3472 432 3543 adpositae
451 3472 492 3525 A¹
510 3470 660 3540 appositae
679 3470 720 3525 A*
